
{"ts": 1743776077.0, "bids": [[1793.58, 3.9868], [1793.56, 0.0029], [1793.53, 0.003], [1793.52, 6.2019], [1793.5, 0.0029], [1793.48, 1.0], [1793.47, 0.0681], [1793.46, 0.08], [1793.42, 0.003], [1793.41, 4.8387], [1793.4, 15.5658], [1793.37, 0.6052], [1793.36, 0.6373], [1793.35, 0.6387], [1793.34, 1.5196], [1793.33, 6.8385], [1793.32, 0.0042], [1793.31, 2.2788], [1793.3, 0.6387], [1793.28, 0.0056], [1793.27, 0.36], [1793.25, 9.729], [1793.24, 0.0029], [1793.23, 0.7544], [1793.22, 1.4284], [1793.21, 0.08], [1793.2, 6.2877], [1793.19, 0.0278], [1793.17, 16.7885], [1793.16, 15.9779], [1793.15, 0.7544], [1793.14, 0.0042], [1793.12, 16.7832], [1793.11, 8.8241], [1793.1, 5.0846], [1793.09, 0.7645], [1793.08, 2.0966], [1793.07, 0.0058], [1793.06, 4.3099], [1793.05, 10.0056], [1793.01, 0.7506], [1793.0, 1.1226], [1792.99, 2.0997], [1792.98, 9.5003], [1792.97, 21.6134], [1792.96, 1.1048], [1792.95, 0.003], [1792.94, 2.0966], [1792.93, 0.7506], [1792.91, 0.0056]], "asks": [[1793.59, 13.4117], [1793.6, 0.0086], [1793.61, 0.003], [1793.62, 0.0063], [1793.63, 0.003], [1793.64, 0.003], [1793.65, 0.0063], [1793.68, 0.003], [1793.69, 0.003], [1793.71, 0.003], [1793.73, 0.006], [1793.74, 0.1011], [1793.76, 2.0972], [1793.77, 11.6726], [1793.78, 0.034], [1793.79, 0.0619], [1793.8, 1.1234], [1793.81, 0.2802], [1793.83, 2.753], [1793.84, 1.1203], [1793.85, 0.0397], [1793.87, 0.0042], [1793.88, 8.0159], [1793.89, 0.0029], [1793.9, 0.0031], [1793.92, 0.0057], [1793.93, 0.08], [1793.94, 0.004], [1793.95, 0.045], [1793.97, 7.5932], [1793.98, 6.75], [1793.99, 0.5817], [1794.0, 1.1236], [1794.02, 0.0029], [1794.04, 0.0057], [1794.05, 0.0042], [1794.06, 14.5122], [1794.08, 1.1377], [1794.09, 0.0068], [1794.1, 3.6941], [1794.11, 4.128], [1794.12, 4.4952], [1794.13, 2.4415], [1794.14, 0.7487], [1794.15, 16.5022], [1794.16, 8.2259], [1794.18, 0.409], [1794.19, 8.1146], [1794.2, 6.2833], [1794.22, 25.8339]]}
{"ts": 1743776078.0, "bids": [[1793.07, 0.0058], [1793.02, 0.0029], [1793.0, 0.0056], [1792.99, 0.0029], [1792.97, 0.0029], [1792.96, 0.0098], [1792.95, 0.003], [1792.93, 0.003], [1792.92, 1.48], [1792.91, 0.0086], [1792.89, 0.2772], [1792.87, 0.003], [1792.86, 2.3226], [1792.84, 0.0829], [1792.83, 0.0506], [1792.82, 0.0029], [1792.8, 1.134], [1792.78, 0.0098], [1792.75, 1.054], [1792.74, 0.0181], [1792.73, 0.0195], [1792.72, 0.4211], [1792.71, 6.7336], [1792.7, 5.8981], [1792.69, 0.7506], [1792.68, 2.1244], [1792.67, 3.4832], [1792.65, 0.36], [1792.64, 0.7506], [1792.63, 2.4566], [1792.62, 9.2062], [1792.61, 16.7832], [1792.6, 1.1212], [1792.58, 0.0029], [1792.56, 6.0805], [1792.55, 7.764], [1792.54, 0.0056], [1792.53, 3.6247], [1792.52, 8.1728], [1792.48, 0.3216], [1792.45, 8.3865], [1792.44, 15.5577], [1792.43, 16.1305], [1792.42, 22.5771], [1792.41, 6.75], [1792.4, 1.117], [1792.39, 5.0826], [1792.37, 0.0506], [1792.36, 0.7521], [1792.34, 4.0538]], "asks": [[1793.08, 16.3971], [1793.1, 23.6983], [1793.11, 12.777], [1793.12, 20.6864], [1793.13, 0.0093], [1793.14, 4.9281], [1793.15, 0.0063], [1793.16, 0.0059], [1793.17, 0.003], [1793.18, 0.0063], [1793.2, 2.237], [1793.23, 6.7563], [1793.24, 0.003], [1793.25, 0.003], [1793.32, 0.8157], [1793.33, 2.4008], [1793.34, 0.2863], [1793.35, 1.1142], [1793.39, 0.576], [1793.4, 3.8028], [1793.41, 6.8506], [1793.42, 2.0966], [1793.43, 0.0056], [1793.45, 0.36], [1793.47, 0.045], [1793.49, 2.4454], [1793.5, 8.1146], [1793.51, 0.0181], [1793.53, 2.0966], [1793.54, 42.0739], [1793.55, 6.6487], [1793.56, 8.8164], [1793.57, 2.0966], [1793.59, 9.5393], [1793.6, 1.6986], [1793.61, 3.2799], [1793.64, 0.3015], [1793.65, 0.396], [1793.66, 5.1048], [1793.67, 4.0821], [1793.69, 0.3698], [1793.7, 2.7705], [1793.73, 0.0056], [1793.75, 0.7482], [1793.76, 2.0972], [1793.77, 6.7958], [1793.78, 0.0307], [1793.79, 0.0056], [1793.8, 3.888], [1793.82, 9.465]]}
{"ts": 1743776079.0, "bids": [[1793.1, 0.0409], [1793.09, 0.0059], [1793.05, 0.003], [1793.02, 0.0063], [1793.01, 0.0033], [1792.99, 0.003], [1792.95, 0.0062], [1792.94, 0.003], [1792.93, 0.003], [1792.92, 0.1695], [1792.9, 0.0056], [1792.89, 0.003], [1792.88, 0.2772], [1792.87, 0.003], [1792.86, 4.6516], [1792.84, 0.0479], [1792.83, 3.3464], [1792.82, 0.1448], [1792.81, 1.48], [1792.8, 1.1312], [1792.78, 0.0098], [1792.77, 0.6643], [1792.75, 2.1998], [1792.73, 0.0195], [1792.72, 0.36], [1792.71, 6.1488], [1792.7, 2.0693], [1792.69, 2.3167], [1792.67, 0.0089], [1792.66, 3.2087], [1792.65, 6.1224], [1792.63, 3.2051], [1792.62, 10.3227], [1792.61, 17.6832], [1792.6, 1.8577], [1792.59, 1.1241], [1792.58, 0.0029], [1792.56, 1.8996], [1792.55, 7.764], [1792.54, 0.0056], [1792.53, 1.219], [1792.52, 0.7487], [1792.5, 0.36], [1792.48, 1.4546], [1792.44, 9.8482], [1792.42, 14.5506], [1792.41, 6.75], [1792.4, 1.657], [1792.39, 17.6624], [1792.38, 0.08]], "asks": [[1793.11, 24.1098], [1793.12, 6.5716], [1793.13, 0.0093], [1793.14, 19.5322], [1793.15, 0.003], [1793.16, 0.0092], [1793.19, 3.0405], [1793.2, 2.237], [1793.21, 0.0056], [1793.24, 5.9065], [1793.25, 0.0063], [1793.29, 0.0308], [1793.32, 0.0096], [1793.33, 0.3297], [1793.34, 0.0058], [1793.36, 0.0056], [1793.37, 2.0966], [1793.38, 0.0033], [1793.39, 0.019], [1793.4, 3.8638], [1793.41, 6.75], [1793.42, 2.0966], [1793.43, 2.2628], [1793.46, 0.972], [1793.48, 0.36], [1793.49, 2.4454], [1793.5, 8.1146], [1793.51, 0.7665], [1793.52, 9.8928], [1793.53, 19.2709], [1793.54, 45.4235], [1793.55, 2.0966], [1793.56, 0.0056], [1793.57, 11.3036], [1793.58, 0.36], [1793.59, 9.5205], [1793.6, 2.6237], [1793.61, 0.3143], [1793.62, 0.0182], [1793.63, 1.0892], [1793.64, 0.7484], [1793.66, 0.0278], [1793.69, 0.0098], [1793.7, 0.7482], [1793.71, 0.3828], [1793.73, 4.8189], [1793.74, 8.4665], [1793.75, 0.7482], [1793.76, 0.0434], [1793.77, 6.75]]}
{"ts": 1743776080.0, "bids": [[1792.93, 0.1626], [1792.92, 0.0029], [1792.91, 0.0033], [1792.84, 0.0092], [1792.83, 0.0856], [1792.8, 0.0142], [1792.78, 0.0098], [1792.77, 0.003], [1792.76, 1.9569], [1792.75, 7.7466], [1792.74, 0.045], [1792.73, 0.0195], [1792.71, 2.5866], [1792.69, 2.3167], [1792.68, 0.0062], [1792.67, 0.0056], [1792.65, 0.2219], [1792.63, 0.7485], [1792.62, 10.3227], [1792.61, 17.5032], [1792.6, 1.8577], [1792.59, 1.1241], [1792.58, 0.0062], [1792.57, 0.3031], [1792.56, 2.2596], [1792.55, 7.764], [1792.54, 0.0056], [1792.53, 3.4756], [1792.52, 7.1305], [1792.5, 3.4347], [1792.48, 3.5512], [1792.45, 0.01], [1792.44, 13.749], [1792.42, 14.1906], [1792.41, 6.75], [1792.4, 1.117], [1792.39, 19.733], [1792.38, 0.0979], [1792.37, 0.0056], [1792.36, 1.0045], [1792.34, 4.0538], [1792.31, 0.0085], [1792.3, 11.8665], [1792.27, 0.0056], [1792.26, 15.899], [1792.25, 8.3865], [1792.24, 0.0042], [1792.22, 0.0056], [1792.21, 0.7521], [1792.2, 22.1399]], "asks": [[1792.94, 20.4833], [1792.95, 0.006], [1792.96, 5.6435], [1792.97, 0.003], [1792.98, 0.0564], [1792.99, 0.0092], [1793.0, 1.12], [1793.06, 0.0063], [1793.09, 0.003], [1793.1, 7.6203], [1793.11, 8.4603], [1793.12, 13.6193], [1793.14, 0.0056], [1793.15, 0.0042], [1793.16, 0.284], [1793.18, 2.1371], [1793.2, 2.234], [1793.21, 7.7919], [1793.29, 0.0278], [1793.32, 0.8564], [1793.33, 2.817], [1793.34, 2.1024], [1793.35, 0.0029], [1793.36, 0.0056], [1793.37, 3.2635], [1793.4, 1.117], [1793.41, 9.5178], [1793.42, 2.0966], [1793.43, 4.3594], [1793.45, 0.36], [1793.46, 1.2754], [1793.48, 11.6192], [1793.49, 17.4659], [1793.5, 8.1146], [1793.51, 0.0373], [1793.52, 9.8928], [1793.53, 19.2709], [1793.54, 45.4235], [1793.56, 0.0056], [1793.57, 7.1716], [1793.59, 9.5205], [1793.6, 2.6237], [1793.61, 0.0114], [1793.64, 0.7484], [1793.66, 0.2982], [1793.69, 0.0098], [1793.7, 0.7482], [1793.71, 0.3828], [1793.73, 10.073], [1793.74, 8.4665]]}
{"ts": 1743776081.0, "bids": [[1792.71, 0.1709], [1792.7, 0.0059], [1792.66, 0.003], [1792.65, 0.08], [1792.63, 0.0029], [1792.62, 0.0056], [1792.61, 0.003], [1792.6, 0.311], [1792.58, 0.0059], [1792.57, 7.377], [1792.54, 0.0056], [1792.53, 0.0058], [1792.49, 0.2771], [1792.48, 0.0056], [1792.47, 0.003], [1792.46, 7.485], [1792.45, 0.01], [1792.44, 0.0085], [1792.43, 6.6409], [1792.42, 0.0042], [1792.41, 0.0029], [1792.4, 1.117], [1792.39, 0.3091], [1792.38, 0.0979], [1792.36, 14.2003], [1792.35, 4.5625], [1792.34, 5.074], [1792.31, 0.0085], [1792.3, 11.8665], [1792.28, 0.72], [1792.27, 0.3656], [1792.26, 4.6478], [1792.25, 0.2524], [1792.24, 0.0042], [1792.23, 2.0703], [1792.22, 0.3687], [1792.21, 16.4615], [1792.2, 1.117], [1792.18, 0.0029], [1792.17, 14.7007], [1792.16, 12.9622], [1792.15, 0.0112], [1792.14, 0.1656], [1792.13, 3.4655], [1792.12, 4.733], [1792.1, 16.7888], [1792.08, 6.75], [1792.07, 5.697], [1792.06, 16.2781], [1792.05, 0.0456]], "asks": [[1792.72, 78.476], [1792.73, 9.1394], [1792.74, 0.0089], [1792.75, 4.5955], [1792.76, 7.0629], [1792.77, 0.0063], [1792.78, 0.0059], [1792.79, 0.003], [1792.8, 1.1256], [1792.81, 0.0063], [1792.85, 0.003], [1792.86, 0.003], [1792.87, 0.0033], [1792.93, 2.4643], [1792.94, 7.6253], [1792.96, 0.0056], [1792.97, 0.0042], [1792.99, 0.576], [1793.0, 1.1226], [1793.01, 2.9297], [1793.02, 2.2752], [1793.03, 7.4789], [1793.06, 0.045], [1793.07, 2.108], [1793.1, 4.687], [1793.11, 8.4573], [1793.12, 8.8744], [1793.13, 0.3739], [1793.14, 5.0796], [1793.15, 0.0042], [1793.16, 5.5626], [1793.17, 12.5798], [1793.19, 0.576], [1793.2, 2.234], [1793.21, 0.0056], [1793.23, 2.7678], [1793.26, 8.8103], [1793.27, 11.4317], [1793.28, 17.8054], [1793.31, 12.5798], [1793.32, 0.0096], [1793.33, 3.5564], [1793.34, 0.0058], [1793.36, 0.0056], [1793.37, 6.2595], [1793.38, 2.1078], [1793.4, 1.117], [1793.41, 7.4985], [1793.42, 2.0966], [1793.43, 0.0087]]}
{"ts": 1743776082.0, "bids": [[1792.61, 72.3285], [1792.59, 15.3427], [1792.56, 1.12], [1792.53, 4.4426], [1792.5, 14.3283], [1792.48, 0.045], [1792.43, 2.0966], [1792.42, 0.0042], [1792.41, 0.0085], [1792.4, 7.1413], [1792.39, 6.75], [1792.38, 14.5964], [1792.37, 0.2789], [1792.36, 0.4911], [1792.35, 2.2707], [1792.34, 0.0056], [1792.33, 3.9008], [1792.31, 0.0029], [1792.3, 0.36], [1792.28, 0.36], [1792.27, 1.2027], [1792.26, 0.0056], [1792.25, 0.6402], [1792.24, 0.0042], [1792.23, 6.1994], [1792.22, 5.552], [1792.21, 16.08], [1792.2, 4.5762], [1792.18, 0.0029], [1792.17, 11.8308], [1792.16, 1.107], [1792.15, 0.0112], [1792.14, 2.0712], [1792.12, 21.7139], [1792.1, 16.8338], [1792.08, 0.747], [1792.07, 5.0573], [1792.06, 0.0042], [1792.05, 0.0456], [1792.04, 0.0029], [1792.03, 6.75], [1792.0, 1.2882], [1791.99, 3.0429], [1791.98, 0.36], [1791.97, 2.8081], [1791.95, 0.7612], [1791.94, 0.08], [1791.92, 2.4905], [1791.91, 0.3629], [1791.9, 13.1063]], "asks": [[1792.62, 0.1514], [1792.64, 0.003], [1792.65, 0.0564], [1792.66, 0.0142], [1792.67, 0.0059], [1792.7, 0.006], [1792.71, 8.938], [1792.72, 0.0312], [1792.75, 4.5421], [1792.77, 0.6902], [1792.78, 0.0086], [1792.8, 1.1284], [1792.81, 4.3093], [1792.84, 0.2807], [1792.86, 0.0056], [1792.87, 4.8842], [1792.9, 0.675], [1792.91, 0.0056], [1792.93, 7.435], [1792.96, 0.0238], [1792.97, 0.0042], [1792.99, 1.4791], [1793.0, 1.1226], [1793.02, 0.576], [1793.04, 4.132], [1793.07, 6.4157], [1793.08, 0.72], [1793.09, 0.0031], [1793.1, 0.396], [1793.11, 0.36], [1793.12, 6.75], [1793.13, 0.3015], [1793.14, 5.0796], [1793.15, 4.1974], [1793.16, 5.9229], [1793.19, 7.5858], [1793.2, 3.3238], [1793.21, 2.0256], [1793.22, 11.9012], [1793.23, 11.7412], [1793.24, 0.396], [1793.25, 0.0189], [1793.26, 0.0278], [1793.27, 18.237], [1793.28, 16.7832], [1793.29, 2.02], [1793.3, 24.321], [1793.31, 8.3865], [1793.32, 0.0096], [1793.33, 1.5371]]}
{"ts": 1743776083.0, "bids": [[1792.17, 0.8042], [1792.16, 0.0029], [1792.15, 0.0112], [1792.13, 0.003], [1792.12, 0.08], [1792.09, 0.0029], [1792.07, 0.02], [1792.05, 0.0456], [1792.03, 0.003], [1792.02, 0.37], [1792.0, 0.0112], [1791.99, 0.0114], [1791.98, 0.0279], [1791.95, 0.0083], [1791.93, 0.003], [1791.92, 1.1226], [1791.91, 0.0059], [1791.9, 4.6301], [1791.89, 0.0061], [1791.88, 9.4202], [1791.87, 0.3656], [1791.84, 1.2919], [1791.83, 0.0056], [1791.82, 6.8719], [1791.81, 16.9007], [1791.8, 24.0183], [1791.79, 1.0564], [1791.78, 0.3768], [1791.77, 6.75], [1791.76, 3.9008], [1791.75, 3.5808], [1791.74, 0.7529], [1791.73, 0.54], [1791.72, 4.0338], [1791.7, 7.445], [1791.69, 0.0056], [1791.68, 5.3264], [1791.67, 2.154], [1791.66, 0.7529], [1791.65, 0.0029], [1791.64, 0.0056], [1791.62, 10.4024], [1791.61, 5.5381], [1791.6, 1.9019], [1791.59, 6.75], [1791.56, 0.7585], [1791.55, 16.7832], [1791.54, 13.9164], [1791.52, 0.0042], [1791.51, 9.1387]], "asks": [[1792.18, 47.3189], [1792.19, 24.5008], [1792.23, 0.006], [1792.28, 0.003], [1792.29, 1.123], [1792.33, 6.4151], [1792.34, 0.006], [1792.35, 8.9804], [1792.36, 0.003], [1792.38, 0.0086], [1792.4, 1.12], [1792.41, 4.132], [1792.43, 0.0042], [1792.44, 2.0966], [1792.45, 2.3903], [1792.46, 0.0056], [1792.53, 17.8783], [1792.54, 1.1109], [1792.55, 0.0056], [1792.56, 1.117], [1792.57, 3.0463], [1792.6, 26.4077], [1792.61, 28.6917], [1792.62, 7.9521], [1792.63, 10.4831], [1792.64, 4.3581], [1792.65, 0.7459], [1792.66, 0.0139], [1792.68, 0.3793], [1792.7, 5.2971], [1792.71, 12.2959], [1792.72, 1.4372], [1792.73, 0.7515], [1792.76, 8.2386], [1792.77, 16.3421], [1792.78, 0.0278], [1792.79, 8.9667], [1792.8, 4.7008], [1792.81, 2.7717], [1792.84, 0.36], [1792.86, 0.4016], [1792.87, 0.36], [1792.88, 0.36], [1792.89, 27.9453], [1792.9, 0.63], [1792.91, 0.0056], [1792.94, 0.3036], [1792.96, 0.0056], [1792.97, 3.0857], [1792.98, 1.5385]]}
{"ts": 1743776084.0, "bids": [[1792.07, 19.1151], [1792.06, 0.0536], [1792.05, 0.0429], [1792.0, 0.0086], [1791.99, 0.0144], [1791.97, 0.007], [1791.95, 0.0083], [1791.93, 0.003], [1791.92, 1.117], [1791.91, 0.0029], [1791.9, 0.08], [1791.89, 6.7531], [1791.88, 6.0197], [1791.87, 0.0056], [1791.84, 0.2799], [1791.83, 0.0056], [1791.82, 1.4551], [1791.81, 5.8722], [1791.8, 15.3034], [1791.79, 0.3042], [1791.78, 0.0447], [1791.76, 2.3501], [1791.75, 0.0056], [1791.73, 0.045], [1791.72, 5.576], [1791.71, 6.75], [1791.7, 7.445], [1791.69, 0.0056], [1791.68, 1.101], [1791.67, 0.0842], [1791.65, 0.0029], [1791.64, 0.0056], [1791.63, 0.0279], [1791.62, 10.4024], [1791.61, 5.5381], [1791.6, 4.3321], [1791.56, 8.7534], [1791.55, 17.1432], [1791.54, 3.3396], [1791.53, 6.3574], [1791.52, 0.0042], [1791.51, 1.1122], [1791.5, 3.984], [1791.48, 0.0056], [1791.47, 5.092], [1791.46, 0.7531], [1791.45, 2.1024], [1791.43, 0.0056], [1791.42, 2.6126], [1791.4, 1.8701]], "asks": [[1792.08, 22.0639], [1792.09, 0.006], [1792.1, 0.0566], [1792.12, 0.006], [1792.13, 11.8752], [1792.14, 0.003], [1792.15, 0.003], [1792.16, 0.003], [1792.17, 0.003], [1792.18, 0.1208], [1792.2, 1.12], [1792.26, 4.0009], [1792.28, 0.0056], [1792.31, 7.9799], [1792.33, 2.3223], [1792.35, 11.9098], [1792.37, 0.281], [1792.38, 12.5854], [1792.4, 1.117], [1792.41, 4.132], [1792.43, 0.0042], [1792.45, 10.0485], [1792.46, 0.0506], [1792.47, 7.5858], [1792.49, 2.0966], [1792.53, 23.5163], [1792.54, 1.1387], [1792.55, 0.0056], [1792.56, 1.117], [1792.57, 3.018], [1792.59, 0.576], [1792.6, 26.4077], [1792.61, 23.0717], [1792.62, 7.8621], [1792.63, 10.4831], [1792.64, 2.8813], [1792.65, 1.1419], [1792.66, 0.0139], [1792.67, 0.3631], [1792.68, 0.7256], [1792.7, 5.2971], [1792.71, 12.2509], [1792.72, 1.4372], [1792.73, 0.7515], [1792.76, 8.2386], [1792.77, 16.3421], [1792.79, 9.4734], [1792.8, 1.1284], [1792.81, 0.7517], [1792.83, 0.0029]]}
{"ts": 1743776085.0, "bids": [[1792.07, 5.6171], [1792.06, 6.2768], [1792.05, 19.5839], [1792.0, 0.0086], [1791.99, 0.0144], [1791.97, 0.007], [1791.95, 0.0083], [1791.92, 1.117], [1791.91, 0.0029], [1791.9, 3.9311], [1791.89, 0.0031], [1791.88, 0.0042], [1791.87, 0.0056], [1791.86, 0.279], [1791.84, 0.2771], [1791.83, 0.3956], [1791.82, 5.389], [1791.81, 5.8694], [1791.8, 15.3034], [1791.79, 0.3042], [1791.78, 0.0447], [1791.77, 0.279], [1791.76, 2.3501], [1791.75, 0.0056], [1791.72, 5.576], [1791.71, 6.91], [1791.7, 7.445], [1791.69, 4.9554], [1791.68, 1.101], [1791.67, 0.0842], [1791.65, 0.0029], [1791.64, 0.3656], [1791.63, 2.836], [1791.62, 10.7624], [1791.61, 5.5381], [1791.6, 4.8721], [1791.56, 8.7534], [1791.55, 16.7832], [1791.54, 5.6898], [1791.53, 5.9974], [1791.52, 0.0042], [1791.51, 0.7522], [1791.48, 0.0056], [1791.47, 5.092], [1791.46, 0.7531], [1791.45, 2.1024], [1791.43, 0.0056], [1791.42, 8.1496], [1791.41, 12.5798], [1791.4, 1.8701]], "asks": [[1792.08, 8.3373], [1792.09, 0.003], [1792.1, 0.0566], [1792.12, 0.003], [1792.13, 0.003], [1792.19, 0.0118], [1792.2, 1.117], [1792.25, 0.003], [1792.26, 5.554], [1792.28, 0.0056], [1792.3, 0.281], [1792.31, 7.9799], [1792.35, 8.959], [1792.38, 0.5816], [1792.4, 1.117], [1792.41, 4.132], [1792.43, 0.0071], [1792.44, 2.6917], [1792.45, 8.1576], [1792.46, 12.5854], [1792.47, 8.3058], [1792.5, 0.0193], [1792.53, 23.5163], [1792.54, 1.1307], [1792.55, 0.0056], [1792.56, 1.117], [1792.57, 2.7685], [1792.58, 2.0966], [1792.6, 26.4077], [1792.61, 23.0717], [1792.62, 7.8621], [1792.63, 10.4831], [1792.64, 2.8994], [1792.65, 0.7459], [1792.66, 0.0139], [1792.67, 0.0031], [1792.68, 0.0056], [1792.7, 5.3], [1792.71, 12.5483], [1792.72, 1.4737], [1792.73, 0.7515], [1792.76, 8.2386], [1792.77, 16.3421], [1792.79, 8.3907], [1792.8, 1.1284], [1792.81, 0.7517], [1792.83, 0.0029], [1792.86, 0.0056], [1792.88, 2.0851], [1792.89, 11.3205]]}
{"ts": 1743776086.0, "bids": [[1792.07, 40.2119], [1792.06, 0.0063], [1792.05, 0.0429], [1792.03, 0.0033], [1792.01, 4.9702], [1792.0, 1.1289], [1791.99, 0.0144], [1791.97, 0.004], [1791.96, 0.0311], [1791.95, 2.2035], [1791.93, 2.8081], [1791.92, 1.117], [1791.91, 0.0029], [1791.9, 2.3289], [1791.89, 6.7531], [1791.88, 0.0042], [1791.87, 0.0089], [1791.86, 0.279], [1791.84, 0.5561], [1791.83, 0.6746], [1791.82, 0.045], [1791.81, 5.8694], [1791.8, 15.5824], [1791.79, 0.3042], [1791.78, 0.0447], [1791.76, 2.3501], [1791.75, 0.2846], [1791.72, 5.576], [1791.71, 6.91], [1791.7, 0.0209], [1791.69, 4.9554], [1791.68, 2.2075], [1791.67, 0.0842], [1791.65, 0.0029], [1791.64, 0.3656], [1791.63, 2.836], [1791.62, 10.7624], [1791.61, 5.5381], [1791.6, 4.8721], [1791.56, 8.7534], [1791.55, 16.7832], [1791.54, 5.6898], [1791.53, 8.094], [1791.52, 0.0042], [1791.51, 0.7522], [1791.5, 12.5798], [1791.48, 0.0056], [1791.47, 5.092], [1791.46, 0.7531], [1791.45, 2.1024]], "asks": [[1792.08, 1.1425], [1792.09, 0.003], [1792.1, 0.003], [1792.11, 0.0537], [1792.12, 0.0059], [1792.19, 0.0088], [1792.2, 0.003], [1792.26, 0.0058], [1792.28, 0.0056], [1792.29, 0.003], [1792.3, 0.284], [1792.31, 7.9799], [1792.34, 0.003], [1792.35, 6.75], [1792.37, 4.2832], [1792.38, 5.2855], [1792.4, 1.117], [1792.41, 4.132], [1792.43, 0.0071], [1792.45, 5.0266], [1792.46, 0.0056], [1792.47, 7.5858], [1792.49, 2.2541], [1792.5, 0.0193], [1792.53, 23.5163], [1792.54, 12.6105], [1792.55, 0.0056], [1792.56, 1.477], [1792.57, 0.0029], [1792.58, 2.0966], [1792.6, 26.4077], [1792.61, 23.0717], [1792.62, 12.177], [1792.63, 10.4831], [1792.64, 2.8994], [1792.66, 0.0139], [1792.67, 0.0031], [1792.68, 11.7468], [1792.7, 5.3], [1792.71, 12.5483], [1792.72, 1.4737], [1792.73, 0.7515], [1792.76, 8.2386], [1792.77, 16.3421], [1792.79, 8.3907], [1792.8, 1.1284], [1792.81, 0.7517], [1792.83, 0.0029], [1792.84, 0.468], [1792.86, 0.0056]]}
{"ts": 1743776087.0, "bids": [[1792.07, 20.1423], [1792.06, 0.0063], [1792.05, 0.0429], [1792.03, 0.0033], [1792.0, 1.1289], [1791.99, 0.0114], [1791.97, 0.004], [1791.96, 0.0311], [1791.95, 0.0083], [1791.94, 0.045], [1791.92, 1.117], [1791.91, 0.0029], [1791.89, 6.7531], [1791.88, 0.0042], [1791.87, 0.0089], [1791.84, 0.2771], [1791.83, 0.4446], [1791.81, 6.9494], [1791.8, 15.3034], [1791.79, 0.3042], [1791.78, 0.0447], [1791.76, 2.7101], [1791.75, 0.0056], [1791.74, 0.36], [1791.72, 4.9338], [1791.71, 6.75], [1791.7, 0.0209], [1791.69, 3.8754], [1791.68, 2.2075], [1791.67, 0.0842], [1791.65, 0.0029], [1791.64, 0.0056], [1791.63, 0.0279], [1791.62, 10.4024], [1791.61, 5.5381], [1791.6, 3.9721], [1791.56, 8.7534], [1791.55, 16.7832], [1791.54, 4.9478], [1791.53, 8.094], [1791.52, 0.0042], [1791.51, 0.7704], [1791.48, 0.0056], [1791.47, 5.074], [1791.46, 0.7531], [1791.45, 2.1024], [1791.43, 0.0056], [1791.42, 3.1784], [1791.4, 8.16], [1791.39, 6.75]], "asks": [[1792.08, 4.0355], [1792.09, 0.003], [1792.1, 0.0063], [1792.11, 0.0537], [1792.12, 0.0029], [1792.19, 0.0093], [1792.2, 1.117], [1792.24, 0.003], [1792.25, 0.006], [1792.26, 11.131], [1792.28, 0.0056], [1792.3, 0.2843], [1792.31, 14.2973], [1792.37, 1.592], [1792.38, 0.0056], [1792.39, 0.045], [1792.4, 1.117], [1792.41, 4.132], [1792.42, 0.0033], [1792.43, 0.0071], [1792.45, 5.0266], [1792.46, 0.0056], [1792.47, 7.5858], [1792.49, 2.2541], [1792.5, 0.0193], [1792.51, 0.576], [1792.52, 12.5798], [1792.53, 23.9843], [1792.54, 0.0307], [1792.55, 2.7708], [1792.56, 1.477], [1792.57, 0.0029], [1792.58, 2.4926], [1792.59, 1.0928], [1792.6, 27.1277], [1792.61, 16.7874], [1792.62, 12.177], [1792.63, 11.2279], [1792.64, 2.8994], [1792.66, 0.0139], [1792.67, 0.0031], [1792.68, 11.7468], [1792.7, 0.0029], [1792.71, 13.2481], [1792.72, 1.4737], [1792.73, 0.0056], [1792.75, 11.6535], [1792.76, 12.9698], [1792.77, 16.3421], [1792.79, 8.3907]]}
{"ts": 1743776088.0, "bids": [[1791.99, 20.6515], [1791.98, 6.214], [1791.97, 19.5489], [1791.96, 0.0062], [1791.95, 6.0107], [1791.93, 0.2557], [1791.92, 1.117], [1791.91, 0.0029], [1791.88, 0.0278], [1791.87, 0.0056], [1791.86, 0.0033], [1791.83, 0.1656], [1791.82, 2.304], [1791.81, 8.6384], [1791.8, 1.117], [1791.79, 2.8081], [1791.78, 0.3213], [1791.76, 0.279], [1791.75, 0.2846], [1791.74, 0.279], [1791.72, 0.0058], [1791.71, 9.3384], [1791.7, 14.2106], [1791.69, 0.0334], [1791.67, 0.0842], [1791.65, 3.3065], [1791.64, 5.5437], [1791.63, 8.8745], [1791.62, 8.7973], [1791.61, 12.5798], [1791.6, 3.9632], [1791.59, 0.405], [1791.57, 0.36], [1791.56, 8.0005], [1791.55, 17.1922], [1791.54, 4.2844], [1791.53, 3.9008], [1791.52, 0.0042], [1791.51, 1.4753], [1791.5, 2.0966], [1791.48, 0.3656], [1791.46, 3.2097], [1791.45, 2.1024], [1791.44, 0.36], [1791.43, 0.0056], [1791.42, 3.7184], [1791.4, 4.6782], [1791.39, 6.75], [1791.38, 0.0029], [1791.37, 0.0056]], "asks": [[1792.0, 3.6214], [1792.01, 0.0898], [1792.02, 0.0533], [1792.03, 0.0059], [1792.04, 0.003], [1792.05, 0.003], [1792.06, 0.003], [1792.07, 0.0118], [1792.08, 0.5999], [1792.09, 0.0033], [1792.15, 0.003], [1792.16, 7.6287], [1792.17, 0.003], [1792.18, 6.75], [1792.19, 0.9781], [1792.2, 1.117], [1792.21, 0.0056], [1792.22, 2.1224], [1792.23, 0.2815], [1792.25, 0.0042], [1792.26, 1.2481], [1792.28, 0.0089], [1792.29, 4.9079], [1792.38, 2.2014], [1792.4, 1.117], [1792.41, 0.0192], [1792.43, 0.0071], [1792.45, 5.0266], [1792.46, 0.0056], [1792.47, 9.6027], [1792.48, 1.092], [1792.5, 0.0056], [1792.52, 0.3036], [1792.53, 17.8783], [1792.54, 2.1273], [1792.55, 0.7686], [1792.56, 1.477], [1792.57, 4.1349], [1792.58, 0.468], [1792.59, 1.0928], [1792.6, 18.4121], [1792.61, 17.1474], [1792.62, 14.1939], [1792.63, 11.2279], [1792.64, 2.8813], [1792.65, 11.7412], [1792.66, 0.0139], [1792.67, 0.1631], [1792.68, 11.7468], [1792.69, 0.396]]}
{"ts": 1743776089.0, "bids": [[1792.15, 3.8461], [1792.14, 1.6302], [1792.12, 0.0033], [1792.09, 0.0062], [1792.05, 0.0033], [1792.04, 0.0308], [1792.03, 1.0946], [1792.01, 0.003], [1792.0, 1.1256], [1791.99, 3.0803], [1791.97, 0.004], [1791.95, 0.0139], [1791.93, 0.4124], [1791.92, 1.3935], [1791.91, 0.7229], [1791.89, 0.5], [1791.88, 0.0075], [1791.87, 0.0056], [1791.86, 6.6295], [1791.85, 0.36], [1791.83, 0.3656], [1791.82, 1.62], [1791.81, 9.7173], [1791.8, 3.2136], [1791.79, 0.3019], [1791.78, 0.0447], [1791.76, 1.3948], [1791.75, 0.2846], [1791.72, 5.0788], [1791.71, 7.0244], [1791.7, 14.2073], [1791.69, 0.0334], [1791.68, 2.8142], [1791.67, 0.0842], [1791.65, 3.3065], [1791.64, 5.562], [1791.63, 6.7779], [1791.62, 12.0736], [1791.61, 14.6764], [1791.6, 1.8938], [1791.59, 0.045], [1791.58, 0.2592], [1791.56, 8.0005], [1791.55, 16.7832], [1791.52, 0.0042], [1791.51, 0.7553], [1791.48, 0.0056], [1791.46, 19.2635], [1791.45, 2.1024], [1791.43, 0.0056]], "asks": [[1792.16, 20.2006], [1792.18, 0.006], [1792.19, 1.0414], [1792.2, 1.12], [1792.21, 0.006], [1792.22, 2.1287], [1792.23, 0.003], [1792.25, 0.003], [1792.26, 0.0088], [1792.27, 0.0063], [1792.28, 0.0086], [1792.3, 4.3388], [1792.31, 7.7041], [1792.32, 0.0056], [1792.34, 6.75], [1792.36, 0.2815], [1792.38, 0.0056], [1792.4, 1.117], [1792.43, 0.0071], [1792.44, 0.0033], [1792.45, 0.08], [1792.46, 0.0056], [1792.47, 5.4326], [1792.48, 2.2926], [1792.5, 0.0506], [1792.52, 6.75], [1792.53, 0.4738], [1792.54, 0.0307], [1792.55, 2.785], [1792.56, 1.117], [1792.57, 4.1349], [1792.58, 1.404], [1792.59, 12.5031], [1792.6, 18.4121], [1792.61, 17.1474], [1792.62, 12.537], [1792.63, 4.8578], [1792.64, 2.8813], [1792.66, 0.0139], [1792.67, 0.1631], [1792.68, 11.7468], [1792.69, 11.1861], [1792.7, 16.8171], [1792.71, 9.9381], [1792.72, 0.1117], [1792.73, 0.0056], [1792.74, 7.5858], [1792.76, 12.5798], [1792.77, 0.6872], [1792.79, 0.0042]]}
{"ts": 1743776090.0, "bids": [[1792.49, 0.009], [1792.4, 0.003], [1792.39, 0.006], [1792.38, 7.4043], [1792.36, 0.0033], [1792.32, 0.0056], [1792.31, 0.0029], [1792.29, 2.8529], [1792.28, 5.6057], [1792.27, 3.9036], [1792.26, 13.1142], [1792.25, 14.1864], [1792.24, 6.3532], [1792.23, 0.3054], [1792.21, 0.0108], [1792.2, 1.1504], [1792.18, 0.0029], [1792.15, 0.0139], [1792.13, 0.72], [1792.12, 0.9534], [1792.1, 0.5433], [1792.09, 1.2594], [1792.08, 0.6364], [1792.06, 0.752], [1792.04, 8.5298], [1792.03, 6.75], [1792.02, 1.1251], [1792.01, 0.0085], [1792.0, 9.1175], [1791.99, 19.5184], [1791.98, 0.7447], [1791.97, 0.0223], [1791.95, 0.0139], [1791.93, 0.9971], [1791.92, 17.8951], [1791.91, 7.427], [1791.9, 3.925], [1791.88, 0.0842], [1791.87, 8.5189], [1791.85, 1.1047], [1791.84, 2.0966], [1791.83, 0.3656], [1791.82, 18.7632], [1791.81, 14.8912], [1791.8, 12.2314], [1791.79, 2.9681], [1791.78, 0.0029], [1791.76, 7.6847], [1791.75, 0.2846], [1791.74, 0.7448]], "asks": [[1792.5, 27.2774], [1792.52, 0.0063], [1792.54, 31.3537], [1792.55, 0.009], [1792.56, 1.1233], [1792.57, 12.9915], [1792.58, 0.003], [1792.59, 0.0063], [1792.6, 1.1705], [1792.61, 0.003], [1792.62, 0.003], [1792.63, 2.0996], [1792.66, 0.0139], [1792.68, 0.0056], [1792.71, 0.5821], [1792.72, 0.1117], [1792.73, 0.0089], [1792.75, 0.045], [1792.77, 0.6872], [1792.79, 0.0042], [1792.8, 1.1284], [1792.81, 0.0244], [1792.83, 4.7293], [1792.85, 16.7832], [1792.86, 8.0594], [1792.87, 0.576], [1792.88, 0.468], [1792.89, 9.0004], [1792.9, 0.63], [1792.91, 0.0056], [1792.93, 0.36], [1792.94, 9.3508], [1792.95, 0.436], [1792.96, 0.3685], [1792.97, 0.0042], [1793.0, 1.1226], [1793.03, 0.4083], [1793.04, 2.7606], [1793.06, 0.0031], [1793.07, 16.2511], [1793.08, 12.6275], [1793.1, 0.0029], [1793.11, 8.3865], [1793.12, 7.4947], [1793.13, 0.36], [1793.14, 11.7468], [1793.15, 16.8184], [1793.17, 9.6161], [1793.2, 14.4096], [1793.21, 1.0883]]}
{"ts": 1743776091.0, "bids": [[1792.28, 7.2824], [1792.27, 0.0029], [1792.26, 0.0091], [1792.25, 0.0029], [1792.24, 0.0033], [1792.23, 0.003], [1792.22, 0.08], [1792.21, 0.0105], [1792.2, 7.548], [1792.18, 0.0033], [1792.15, 0.0139], [1792.12, 0.0056], [1792.09, 0.2762], [1792.08, 0.0056], [1792.06, 0.3105], [1792.04, 0.0029], [1792.02, 2.7664], [1792.01, 3.9093], [1792.0, 1.1709], [1791.99, 6.9002], [1791.98, 0.7447], [1791.97, 0.0223], [1791.96, 5.073], [1791.95, 0.053], [1791.93, 1.8456], [1791.92, 1.477], [1791.91, 7.446], [1791.9, 0.423], [1791.89, 6.8471], [1791.88, 0.0875], [1791.87, 9.5989], [1791.86, 0.36], [1791.85, 0.7447], [1791.84, 2.9966], [1791.83, 12.4191], [1791.82, 17.1432], [1791.81, 15.6359], [1791.8, 12.2314], [1791.79, 0.16], [1791.78, 0.0029], [1791.76, 1.3948], [1791.75, 0.2846], [1791.74, 15.4212], [1791.72, 0.0058], [1791.71, 9.8395], [1791.7, 14.2073], [1791.69, 0.0056], [1791.68, 0.7448], [1791.67, 3.597], [1791.65, 0.0029]], "asks": [[1792.29, 39.0131], [1792.3, 10.7767], [1792.31, 19.5413], [1792.32, 0.0957], [1792.33, 6.433], [1792.34, 0.0568], [1792.35, 0.0059], [1792.36, 0.0063], [1792.38, 4.604], [1792.39, 6.753], [1792.4, 1.12], [1792.5, 0.0063], [1792.52, 0.0056], [1792.53, 0.2876], [1792.54, 0.0029], [1792.56, 4.2555], [1792.57, 6.75], [1792.59, 4.6], [1792.6, 3.2192], [1792.61, 0.0042], [1792.62, 1.6281], [1792.63, 2.0966], [1792.66, 0.0139], [1792.68, 0.0334], [1792.69, 1.908], [1792.7, 0.0029], [1792.71, 5.6559], [1792.72, 0.1117], [1792.73, 0.0056], [1792.74, 0.36], [1792.76, 10.1499], [1792.77, 0.6872], [1792.79, 2.784], [1792.8, 27.5173], [1792.81, 20.977], [1792.82, 18.9957], [1792.83, 0.0029], [1792.84, 0.0112], [1792.85, 17.8822], [1792.86, 7.5914], [1792.87, 0.7447], [1792.88, 1.1033], [1792.89, 7.0519], [1792.9, 0.63], [1792.91, 0.0056], [1792.92, 1.8264], [1792.93, 1.8078], [1792.94, 2.0966], [1792.95, 0.04], [1792.96, 0.0085]]}
{"ts": 1743776092.0, "bids": [[1792.28, 38.6866], [1792.27, 0.0029], [1792.26, 0.0033], [1792.21, 2.2752], [1792.2, 8.6621], [1792.15, 0.0139], [1792.12, 0.0056], [1792.11, 2.1105], [1792.1, 16.0289], [1792.09, 0.2762], [1792.08, 0.0056], [1792.06, 0.3105], [1792.04, 0.0029], [1792.02, 2.7664], [1792.01, 6.003], [1792.0, 1.1709], [1791.99, 8.9707], [1791.98, 0.7447], [1791.97, 0.0223], [1791.96, 5.073], [1791.95, 0.053], [1791.93, 1.8456], [1791.92, 1.477], [1791.91, 7.446], [1791.9, 0.423], [1791.88, 0.0842], [1791.87, 9.5989], [1791.86, 3.858], [1791.85, 0.7447], [1791.84, 2.9966], [1791.83, 15.2272], [1791.82, 17.1432], [1791.81, 15.6359], [1791.8, 12.2314], [1791.79, 0.16], [1791.78, 0.0029], [1791.76, 1.3948], [1791.75, 0.2846], [1791.74, 13.3246], [1791.72, 0.0058], [1791.71, 9.8395], [1791.7, 14.2073], [1791.69, 0.0056], [1791.68, 0.7448], [1791.67, 0.0842], [1791.65, 0.0029], [1791.64, 13.9302], [1791.63, 6.75], [1791.62, 0.7845], [1791.6, 1.8938]], "asks": [[1792.29, 8.8919], [1792.3, 0.003], [1792.31, 0.0059], [1792.32, 0.0533], [1792.33, 0.003], [1792.34, 0.0535], [1792.35, 0.0059], [1792.36, 0.003], [1792.37, 0.0063], [1792.38, 0.003], [1792.39, 0.006], [1792.4, 1.117], [1792.46, 0.003], [1792.47, 12.6873], [1792.52, 0.0056], [1792.53, 0.2876], [1792.56, 5.4172], [1792.59, 4.708], [1792.6, 1.1259], [1792.61, 0.0042], [1792.62, 0.6413], [1792.63, 2.0966], [1792.65, 6.75], [1792.66, 0.0139], [1792.67, 0.0193], [1792.68, 0.0334], [1792.69, 0.396], [1792.7, 0.0029], [1792.71, 5.6559], [1792.72, 0.1117], [1792.73, 0.0056], [1792.76, 10.1499], [1792.77, 0.6872], [1792.79, 2.0201], [1792.8, 18.7267], [1792.81, 20.977], [1792.82, 18.9957], [1792.83, 0.0209], [1792.84, 0.0112], [1792.85, 17.8822], [1792.86, 7.5914], [1792.87, 0.7447], [1792.88, 1.1033], [1792.89, 7.0519], [1792.9, 0.63], [1792.91, 1.4217], [1792.92, 0.7437], [1792.94, 2.0966], [1792.95, 0.04], [1792.96, 0.0085]]}
{"ts": 1743776093.0, "bids": [[1792.68, 2.4821], [1792.67, 0.0033], [1792.66, 0.0029], [1792.65, 0.0033], [1792.62, 0.0033], [1792.6, 0.003], [1792.57, 0.003], [1792.56, 1.117], [1792.52, 0.0882], [1792.48, 0.0056], [1792.47, 0.0033], [1792.42, 0.0042], [1792.41, 0.0059], [1792.4, 1.1226], [1792.38, 0.0033], [1792.35, 12.0287], [1792.34, 16.7832], [1792.33, 0.045], [1792.32, 6.7556], [1792.31, 0.0029], [1792.3, 0.2827], [1792.28, 10.2102], [1792.26, 5.3307], [1792.25, 14.1864], [1792.24, 0.0098], [1792.21, 3.5383], [1792.2, 1.477], [1792.18, 0.0029], [1792.17, 4.8646], [1792.16, 1.512], [1792.15, 0.0139], [1792.14, 2.4566], [1792.13, 0.7437], [1792.12, 4.0205], [1792.1, 6.75], [1792.08, 0.0056], [1792.06, 0.0073], [1792.05, 0.7437], [1792.04, 0.3629], [1792.03, 0.2376], [1792.02, 2.5923], [1792.01, 0.0056], [1792.0, 13.7024], [1791.99, 6.9027], [1791.98, 0.7726], [1791.97, 0.004], [1791.96, 5.073], [1791.95, 11.7663], [1791.93, 0.7447], [1791.92, 1.117]], "asks": [[1792.69, 37.2169], [1792.7, 0.0092], [1792.71, 0.006], [1792.72, 0.0869], [1792.73, 0.007], [1792.74, 0.0063], [1792.76, 0.003], [1792.77, 0.6902], [1792.79, 0.0555], [1792.8, 9.4542], [1792.81, 2.3049], [1792.83, 0.0209], [1792.84, 0.0112], [1792.85, 16.7832], [1792.86, 0.0056], [1792.87, 0.0033], [1792.88, 4.132], [1792.89, 6.7778], [1792.9, 0.63], [1792.91, 1.1636], [1792.92, 1.512], [1792.95, 0.04], [1792.96, 2.1051], [1792.97, 0.3642], [1792.98, 0.396], [1792.99, 4.2216], [1793.0, 1.4826], [1793.01, 0.36], [1793.03, 5.5381], [1793.04, 8.6803], [1793.06, 0.0031], [1793.07, 15.9773], [1793.08, 15.3977], [1793.09, 7.6048], [1793.1, 0.0029], [1793.11, 8.3865], [1793.12, 6.75], [1793.13, 0.36], [1793.14, 11.7468], [1793.15, 16.8184], [1793.16, 2.7563], [1793.17, 7.1864], [1793.18, 0.3023], [1793.2, 11.649], [1793.21, 0.0056], [1793.22, 13.9978], [1793.23, 2.0158], [1793.24, 0.396], [1793.26, 10.7456], [1793.27, 0.0056]]}
{"ts": 1743776094.0, "bids": [[1792.76, 41.5201], [1792.75, 9.9765], [1792.74, 0.0062], [1792.71, 0.0033], [1792.69, 6.75], [1792.68, 0.0503], [1792.67, 0.0033], [1792.65, 19.5315], [1792.64, 2.0966], [1792.62, 2.8832], [1792.6, 1.117], [1792.58, 0.0029], [1792.56, 1.1226], [1792.54, 2.5385], [1792.53, 3.9066], [1792.51, 6.7929], [1792.5, 14.1799], [1792.49, 10.3439], [1792.48, 0.3295], [1792.46, 0.4205], [1792.44, 1.1272], [1792.42, 4.4391], [1792.41, 2.1795], [1792.4, 1.1504], [1792.38, 5.072], [1792.37, 2.8107], [1792.35, 14.0457], [1792.34, 16.7832], [1792.33, 3.3967], [1792.32, 6.7556], [1792.31, 0.0029], [1792.3, 0.36], [1792.29, 13.3232], [1792.28, 6.6694], [1792.26, 8.6262], [1792.25, 14.1864], [1792.24, 16.7836], [1792.21, 0.7434], [1792.2, 1.117], [1792.18, 0.0029], [1792.17, 4.5046], [1792.16, 1.1242], [1792.15, 0.0139], [1792.14, 0.08], [1792.13, 0.7437], [1792.12, 0.0056], [1792.11, 11.0711], [1792.1, 6.75], [1792.09, 18.0699], [1792.08, 6.2955]], "asks": [[1792.77, 14.4598], [1792.78, 0.0063], [1792.79, 0.006], [1792.8, 19.5925], [1792.81, 0.003], [1792.83, 0.0063], [1792.84, 0.0142], [1792.85, 0.003], [1792.86, 0.003], [1792.87, 0.003], [1792.88, 0.0033], [1792.89, 0.003], [1792.91, 0.0056], [1792.94, 2.0408], [1792.95, 6.79], [1792.96, 0.0085], [1792.97, 0.0042], [1792.98, 2.9036], [1793.0, 1.1226], [1793.03, 6.428], [1793.04, 7.5917], [1793.06, 0.0031], [1793.07, 7.0523], [1793.08, 0.0809], [1793.09, 2.2593], [1793.1, 0.0029], [1793.12, 0.468], [1793.13, 0.0278], [1793.14, 11.7468], [1793.15, 4.1362], [1793.17, 7.5464], [1793.18, 0.8783], [1793.2, 3.3541], [1793.21, 0.0056], [1793.22, 13.9978], [1793.23, 6.7529], [1793.24, 3.1515], [1793.25, 0.4139], [1793.26, 9.9995], [1793.27, 0.3656], [1793.28, 17.9156], [1793.29, 8.4138], [1793.3, 2.0966], [1793.32, 2.7658], [1793.33, 0.0042], [1793.34, 0.0058], [1793.36, 0.0085], [1793.37, 5.072], [1793.4, 1.117], [1793.41, 7.4985]]}
{"ts": 1743776095.0, "bids": [[1792.76, 19.6671], [1792.75, 19.5334], [1792.73, 0.0033], [1792.71, 0.0033], [1792.7, 0.648], [1792.68, 0.0503], [1792.64, 2.0966], [1792.62, 4.2746], [1792.6, 1.117], [1792.58, 6.7529], [1792.56, 1.1226], [1792.54, 2.5385], [1792.53, 3.9066], [1792.52, 0.2788], [1792.51, 6.7929], [1792.5, 7.4299], [1792.49, 7.9949], [1792.48, 0.0539], [1792.46, 0.4205], [1792.44, 1.1272], [1792.42, 4.4391], [1792.41, 2.1795], [1792.4, 1.1504], [1792.38, 5.072], [1792.37, 2.8107], [1792.36, 6.3392], [1792.35, 16.546], [1792.34, 16.7832], [1792.32, 7.1876], [1792.31, 0.0029], [1792.3, 0.36], [1792.29, 17.9906], [1792.28, 1.0734], [1792.26, 8.6442], [1792.25, 14.1864], [1792.24, 16.7836], [1792.21, 0.7434], [1792.2, 1.117], [1792.18, 0.0029], [1792.17, 4.5046], [1792.16, 1.1242], [1792.15, 0.0139], [1792.14, 0.08], [1792.13, 0.7437], [1792.12, 0.0056], [1792.11, 11.0711], [1792.1, 6.75], [1792.09, 2.0966], [1792.08, 25.8332], [1792.06, 0.0073]], "asks": [[1792.77, 3.918], [1792.78, 0.0063], [1792.79, 0.003], [1792.8, 0.0626], [1792.81, 0.003], [1792.82, 0.003], [1792.83, 0.003], [1792.84, 0.0175], [1792.85, 0.003], [1792.86, 0.003], [1792.88, 0.003], [1792.91, 0.0056], [1792.95, 0.04], [1792.96, 0.0085], [1792.97, 0.0072], [1792.98, 2.9192], [1793.0, 1.1226], [1793.04, 7.5917], [1793.06, 0.0031], [1793.07, 7.0523], [1793.08, 0.0809], [1793.09, 0.0033], [1793.1, 0.0029], [1793.13, 0.0278], [1793.14, 11.7468], [1793.15, 4.6042], [1793.17, 7.5464], [1793.18, 0.8783], [1793.2, 3.3541], [1793.21, 0.0056], [1793.22, 13.9978], [1793.23, 6.7529], [1793.24, 0.396], [1793.25, 0.4139], [1793.26, 9.9995], [1793.27, 0.3656], [1793.28, 17.9156], [1793.29, 8.3058], [1793.31, 12.5798], [1793.32, 0.0096], [1793.33, 0.0042], [1793.34, 0.0058], [1793.36, 0.0085], [1793.37, 5.072], [1793.39, 7.2812], [1793.4, 1.117], [1793.41, 6.75], [1793.42, 16.7376], [1793.43, 9.0124], [1793.46, 0.0042]]}
{"ts": 1743776096.0, "bids": [[1792.76, 19.3956], [1792.75, 22.8801], [1792.74, 7.1178], [1792.73, 3.35], [1792.72, 3.3496], [1792.71, 0.0033], [1792.69, 3.3467], [1792.68, 0.0953], [1792.64, 2.0966], [1792.62, 5.3985], [1792.6, 1.6793], [1792.58, 6.7529], [1792.56, 1.1226], [1792.55, 0.9988], [1792.54, 2.5385], [1792.53, 0.0058], [1792.52, 0.9988], [1792.51, 6.7929], [1792.5, 7.7899], [1792.49, 7.9949], [1792.48, 1.1335], [1792.46, 0.8525], [1792.45, 0.36], [1792.44, 1.1272], [1792.43, 0.9], [1792.42, 6.4227], [1792.41, 4.2761], [1792.4, 1.1504], [1792.38, 13.4585], [1792.37, 2.8107], [1792.36, 3.0605], [1792.35, 0.3039], [1792.34, 16.7832], [1792.32, 6.7556], [1792.31, 0.0029], [1792.29, 5.4108], [1792.28, 0.7134], [1792.26, 7.7262], [1792.25, 14.1864], [1792.24, 16.7836], [1792.23, 0.045], [1792.22, 0.0278], [1792.21, 0.7434], [1792.2, 1.117], [1792.18, 0.0029], [1792.17, 13.7524], [1792.15, 0.0139], [1792.14, 0.08], [1792.13, 0.7437], [1792.12, 0.0056]], "asks": [[1792.77, 9.2091], [1792.78, 0.003], [1792.79, 0.003], [1792.8, 0.0593], [1792.81, 0.003], [1792.82, 0.0063], [1792.83, 0.003], [1792.84, 0.0142], [1792.88, 0.0093], [1792.89, 7.991], [1792.91, 0.0056], [1792.94, 0.003], [1792.95, 6.79], [1792.96, 0.0029], [1792.97, 0.0138], [1792.98, 0.2808], [1793.0, 1.1226], [1793.02, 3.0551], [1793.03, 4.8558], [1793.04, 7.5917], [1793.06, 0.0031], [1793.07, 0.0114], [1793.08, 5.8101], [1793.09, 0.0033], [1793.1, 0.0029], [1793.13, 6.7778], [1793.14, 11.7468], [1793.15, 0.0042], [1793.16, 2.3303], [1793.17, 4.2922], [1793.18, 0.3023], [1793.2, 2.234], [1793.21, 0.0056], [1793.22, 11.7862], [1793.23, 0.0029], [1793.24, 2.7566], [1793.25, 0.0179], [1793.26, 8.4071], [1793.27, 0.0056], [1793.28, 16.7832], [1793.29, 7.5858], [1793.3, 2.0966], [1793.31, 0.0278], [1793.32, 0.7529], [1793.33, 0.0042], [1793.34, 0.4738], [1793.35, 13.6238], [1793.36, 0.4284], [1793.39, 7.2812], [1793.4, 2.2203]]}
{"ts": 1743776097.0, "bids": [[1792.76, 9.0283], [1792.75, 6.8035], [1792.74, 19.5364], [1792.73, 0.0033], [1792.71, 0.0033], [1792.7, 0.0029], [1792.68, 6.0329], [1792.62, 4.4574], [1792.6, 1.117], [1792.59, 0.6], [1792.58, 0.0029], [1792.56, 1.1226], [1792.54, 2.5835], [1792.53, 0.0058], [1792.52, 0.2788], [1792.51, 6.7929], [1792.5, 7.4299], [1792.49, 7.9949], [1792.48, 5.0343], [1792.46, 0.4205], [1792.44, 1.1272], [1792.42, 4.3773], [1792.41, 1.5229], [1792.4, 1.1504], [1792.38, 5.072], [1792.37, 2.8107], [1792.36, 3.4205], [1792.35, 14.0525], [1792.34, 17.1432], [1792.33, 0.54], [1792.32, 7.5476], [1792.31, 0.0029], [1792.29, 5.4108], [1792.28, 0.7134], [1792.26, 15.2025], [1792.25, 14.1864], [1792.24, 16.7836], [1792.23, 0.0183], [1792.22, 0.0278], [1792.21, 0.7434], [1792.2, 1.117], [1792.18, 20.9692], [1792.15, 0.0139], [1792.14, 0.08], [1792.13, 0.7437], [1792.12, 0.0056], [1792.11, 11.0711], [1792.1, 6.75], [1792.09, 2.0966], [1792.08, 6.2955]], "asks": [[1792.77, 21.7458], [1792.78, 0.003], [1792.79, 0.0063], [1792.8, 0.0593], [1792.81, 0.003], [1792.82, 0.0063], [1792.83, 0.003], [1792.84, 0.0142], [1792.85, 0.003], [1792.88, 0.0063], [1792.89, 9.4355], [1792.91, 0.0056], [1792.95, 13.1939], [1792.96, 0.0062], [1792.97, 0.0138], [1792.98, 0.2808], [1793.0, 1.1226], [1793.02, 3.4534], [1793.04, 7.5917], [1793.05, 4.132], [1793.06, 0.0031], [1793.07, 0.0114], [1793.08, 5.8101], [1793.09, 0.045], [1793.1, 0.0029], [1793.13, 6.7778], [1793.14, 11.7468], [1793.15, 0.0042], [1793.16, 2.3303], [1793.17, 5.2781], [1793.18, 0.3023], [1793.2, 2.234], [1793.21, 0.5816], [1793.22, 12.6772], [1793.23, 0.0029], [1793.24, 2.7566], [1793.25, 0.0179], [1793.26, 8.4071], [1793.27, 0.3656], [1793.28, 16.7832], [1793.29, 7.9818], [1793.3, 2.8166], [1793.31, 0.3878], [1793.32, 0.7529], [1793.33, 0.0042], [1793.34, 13.0331], [1793.35, 14.6764], [1793.36, 0.4284], [1793.4, 1.8603], [1793.41, 6.75]]}
{"ts": 1743776098.0, "bids": [[1792.76, 25.1411], [1792.75, 19.5367], [1792.73, 0.0033], [1792.72, 6.4077], [1792.7, 0.0033], [1792.66, 2.7536], [1792.64, 2.0966], [1792.63, 0.0033], [1792.62, 1.1024], [1792.6, 1.117], [1792.59, 3.1404], [1792.58, 6.7529], [1792.56, 1.1226], [1792.55, 0.0033], [1792.54, 2.8623], [1792.53, 0.0058], [1792.52, 0.2788], [1792.51, 2.4189], [1792.5, 7.4299], [1792.48, 0.0056], [1792.44, 1.1272], [1792.42, 4.3773], [1792.41, 1.5229], [1792.4, 7.9004], [1792.37, 2.8107], [1792.36, 0.6124], [1792.35, 8.317], [1792.34, 17.1432], [1792.33, 0.54], [1792.32, 0.7976], [1792.31, 2.0995], [1792.29, 5.4108], [1792.28, 3.5215], [1792.26, 8.0007], [1792.25, 14.1864], [1792.24, 0.0098], [1792.22, 5.0988], [1792.21, 0.7434], [1792.2, 5.0178], [1792.18, 0.0029], [1792.17, 4.9994], [1792.16, 3.4826], [1792.15, 0.0139], [1792.14, 0.08], [1792.13, 0.7437], [1792.12, 5.5386], [1792.11, 18.1179], [1792.1, 6.75], [1792.08, 11.7918], [1792.06, 0.0073]], "asks": [[1792.77, 0.4728], [1792.78, 0.003], [1792.79, 0.0063], [1792.8, 0.0593], [1792.81, 0.003], [1792.82, 0.0063], [1792.83, 0.003], [1792.84, 0.0142], [1792.86, 0.003], [1792.87, 0.0033], [1792.88, 0.003], [1792.91, 0.0056], [1792.93, 0.003], [1792.94, 7.7236], [1792.95, 0.0433], [1792.96, 0.0029], [1792.97, 0.004], [1792.98, 0.2808], [1792.99, 3.8582], [1793.0, 1.1226], [1793.01, 19.5277], [1793.04, 7.5917], [1793.06, 0.0031], [1793.07, 4.1434], [1793.08, 6.9232], [1793.09, 0.0033], [1793.1, 0.0029], [1793.13, 6.7778], [1793.14, 12.2148], [1793.15, 0.0042], [1793.16, 2.2398], [1793.17, 9.1314], [1793.18, 0.3023], [1793.19, 0.0189], [1793.2, 14.8138], [1793.21, 0.5816], [1793.22, 12.2092], [1793.23, 0.3629], [1793.26, 8.4071], [1793.27, 0.0056], [1793.28, 16.7832], [1793.29, 7.9818], [1793.3, 2.8346], [1793.31, 0.0278], [1793.32, 0.0096], [1793.33, 0.0042], [1793.34, 8.6735], [1793.35, 2.0966], [1793.36, 0.4284], [1793.39, 2.0121]]}
{"ts": 1743776099.0, "bids": [[1793.21, 58.1227], [1793.2, 20.7112], [1793.19, 34.6504], [1793.18, 2.3526], [1793.15, 0.0033], [1793.14, 0.0033], [1793.13, 0.0029], [1793.12, 2.8081], [1793.07, 7.5162], [1793.05, 1.125], [1793.02, 7.8165], [1793.0, 1.117], [1792.99, 0.1046], [1792.98, 0.5303], [1792.97, 0.0029], [1792.96, 0.0042], [1792.91, 0.0056], [1792.9, 2.5651], [1792.89, 7.1709], [1792.87, 4.2608], [1792.86, 2.0966], [1792.85, 2.8137], [1792.84, 0.3629], [1792.83, 0.045], [1792.82, 0.0029], [1792.81, 16.7832], [1792.8, 7.6108], [1792.79, 14.552], [1792.78, 0.0042], [1792.77, 0.36], [1792.76, 7.3583], [1792.75, 0.4376], [1792.74, 0.36], [1792.72, 2.0657], [1792.71, 6.8105], [1792.7, 1.1033], [1792.67, 0.3656], [1792.66, 1.6416], [1792.65, 5.0978], [1792.64, 10.4831], [1792.63, 2.13], [1792.62, 11.7412], [1792.61, 17.467], [1792.6, 4.6726], [1792.59, 13.9297], [1792.58, 6.7529], [1792.57, 8.3865], [1792.56, 2.2655], [1792.55, 13.1332], [1792.54, 0.2844]], "asks": [[1793.22, 1.9299], [1793.23, 0.0059], [1793.25, 0.003], [1793.26, 0.0534], [1793.27, 0.0063], [1793.28, 0.003], [1793.3, 0.0063], [1793.32, 0.0126], [1793.33, 0.0102], [1793.34, 0.9781], [1793.36, 0.0115], [1793.39, 0.003], [1793.4, 1.117], [1793.41, 0.2827], [1793.42, 2.0996], [1793.43, 19.577], [1793.46, 0.0042], [1793.49, 0.0116], [1793.51, 0.8682], [1793.53, 43.6304], [1793.54, 45.4235], [1793.55, 0.5793], [1793.56, 0.3656], [1793.58, 0.08], [1793.59, 6.7639], [1793.6, 1.4826], [1793.61, 11.7526], [1793.62, 4.132], [1793.63, 0.0029], [1793.64, 7.0526], [1793.65, 5.3774], [1793.66, 0.3038], [1793.68, 1.0914], [1793.69, 12.874], [1793.71, 3.1908], [1793.73, 0.0056], [1793.74, 0.0278], [1793.75, 2.0121], [1793.76, 0.0463], [1793.77, 6.75], [1793.78, 0.0307], [1793.79, 9.7642], [1793.8, 1.8657], [1793.82, 0.0184], [1793.83, 2.1133], [1793.84, 1.117], [1793.85, 16.8127], [1793.87, 0.0042], [1793.88, 10.6385], [1793.89, 0.0029]]}