
{"ts": 1743776077.0, "bids": [[82981.13, 1.62766], [82981.12, 0.00057], [82981.09, 0.00117], [82980.7, 7e-05], [82980.31, 0.00014], [82980.3, 0.00609], [82980.06, 7e-05], [82980.05, 7e-05], [82980.02, 7e-05], [82980.01, 0.77785], [82980.0, 0.07105], [82979.96, 7e-05], [82979.54, 0.02417], [82979.04, 7e-05], [82978.0, 0.0707], [82977.46, 0.60025], [82976.92, 0.06025], [82976.62, 0.06025], [82976.12, 0.06025], [82976.03, 0.03012], [82976.0, 0.0707], [82975.99, 0.00282], [82975.83, 7e-05], [82975.79, 0.13299], [82975.29, 0.01208], [82975.2, 0.0483], [82974.76, 0.00018], [82974.75, 0.0045], [82974.01, 0.10742], [82974.0, 0.0707], [82973.5, 0.1205], [82973.39, 0.06025], [82972.04, 7e-05], [82972.0, 0.0707], [82971.95, 0.00602], [82971.82, 0.79575], [82971.7, 7e-05], [82971.57, 0.00059], [82971.16, 0.00602], [82970.81, 0.06], [82970.6, 0.00013], [82970.0, 0.0707], [82969.76, 0.0468], [82969.75, 0.054], [82969.66, 0.0396], [82969.63, 0.35461], [82968.91, 0.06025], [82968.8, 0.0483], [82968.0, 0.0707], [82967.86, 0.60029]], "asks": [[82981.14, 2.13817], [82981.15, 0.00082], [82981.18, 0.00209], [82981.19, 0.00057], [82981.59, 0.00084], [82981.6, 0.04837], [82981.69, 0.00014], [82981.73, 7e-05], [82982.03, 0.00201], [82982.09, 7e-05], [82982.1, 0.79565], [82982.55, 0.00032], [82983.98, 0.00051], [82983.99, 0.0477], [82984.0, 0.07305], [82984.56, 0.002], [82985.25, 7e-05], [82985.65, 0.00028], [82985.71, 7e-05], [82985.99, 7e-05], [82986.0, 0.0707], [82986.44, 7e-05], [82986.48, 7e-05], [82986.98, 0.01201], [82987.02, 0.0002], [82987.24, 0.00013], [82987.88, 0.0003], [82988.0, 0.05065], [82988.27, 0.00039], [82988.77, 0.00013], [82989.22, 0.00013], [82989.29, 7e-05], [82989.43, 0.16247], [82989.44, 0.54], [82989.49, 0.0001], [82989.72, 7e-05], [82989.99, 0.00029], [82990.0, 0.00104], [82990.6, 8e-05], [82990.83, 7e-05], [82991.89, 0.00038], [82991.94, 0.21434], [82991.95, 0.16247], [82992.0, 0.00235], [82992.22, 0.00013], [82992.33, 0.12056], [82992.53, 0.00012], [82992.95, 9e-05], [82993.16, 0.12056], [82993.61, 7e-05]]}
{"ts": 1743776078.0, "bids": [[82963.44, 0.00014], [82963.41, 7e-05], [82962.41, 9e-05], [82961.9, 7e-05], [82960.01, 7e-05], [82960.0, 0.00028], [82959.99, 7e-05], [82959.31, 7e-05], [82959.26, 0.00013], [82959.1, 7e-05], [82958.27, 0.003], [82957.74, 0.0003], [82957.65, 7e-05], [82956.67, 0.00016], [82956.22, 0.00013], [82956.01, 7e-05], [82955.18, 7e-05], [82955.11, 0.0006], [82954.78, 7e-05], [82954.53, 0.00416], [82954.35, 0.00013], [82953.77, 7e-05], [82953.76, 0.4697], [82953.32, 7e-05], [82953.23, 0.09668], [82952.32, 0.00091], [82952.21, 0.00013], [82951.95, 0.054], [82951.89, 0.0468], [82951.59, 7e-05], [82951.51, 0.00095], [82951.05, 7e-05], [82950.47, 7e-05], [82950.07, 0.00013], [82950.01, 0.47884], [82949.99, 0.0001], [82949.97, 0.003], [82949.64, 7e-05], [82949.6, 0.0483], [82948.89, 0.31853], [82947.92, 0.00013], [82947.9, 0.04527], [82947.55, 0.18241], [82946.92, 7e-05], [82946.89, 0.1], [82946.69, 0.04], [82946.39, 0.036], [82946.16, 7e-05], [82945.98, 7e-05], [82945.84, 0.65378]], "asks": [[82963.45, 0.1332], [82964.0, 0.0707], [82964.01, 0.21896], [82964.02, 0.87039], [82964.03, 0.1908], [82964.97, 0.1906], [82965.93, 0.1906], [82966.02, 0.0586], [82966.28, 0.1324], [82966.43, 0.42481], [82966.48, 1.5322], [82966.49, 0.81585], [82966.62, 0.32358], [82966.63, 1.93626], [82966.78, 0.00066], [82966.81, 7e-05], [82967.69, 0.23816], [82967.7, 0.66949], [82967.71, 0.00057], [82967.74, 0.00056], [82967.85, 7e-05], [82968.0, 0.07077], [82968.03, 0.04], [82968.33, 0.0878], [82968.8, 0.0483], [82969.69, 8e-05], [82970.0, 0.0707], [82971.59, 0.37884], [82971.6, 0.22206], [82971.69, 0.12124], [82971.71, 0.54], [82972.0, 0.0707], [82972.42, 0.01201], [82972.62, 0.01446], [82973.02, 0.00014], [82973.29, 0.12058], [82973.49, 0.00602], [82974.0, 0.0707], [82974.02, 0.04], [82974.09, 0.00059], [82974.3, 0.0878], [82975.2, 0.0483], [82975.21, 0.03216], [82975.83, 0.36591], [82975.99, 0.23736], [82976.0, 0.0707], [82976.3, 0.02374], [82976.64, 0.13296], [82977.08, 0.016], [82977.77, 0.13341]]}
{"ts": 1743776079.0, "bids": [[82953.32, 0.09886], [82953.31, 0.00208], [82953.3, 0.00064], [82953.13, 7e-05], [82952.54, 7e-05], [82952.33, 0.00045], [82952.21, 7e-05], [82952.01, 0.00087], [82951.71, 7e-05], [82950.89, 0.00018], [82950.19, 7e-05], [82950.05, 7e-05], [82950.02, 7e-05], [82950.01, 0.00014], [82950.0, 0.07077], [82949.97, 0.003], [82948.01, 7e-05], [82948.0, 0.07077], [82947.48, 0.01209], [82946.92, 7e-05], [82946.16, 7e-05], [82945.01, 0.00012], [82944.9, 0.02413], [82944.25, 0.00027], [82944.24, 0.0403], [82944.11, 0.00057], [82944.1, 0.0045], [82944.0, 0.002], [82943.98, 0.00013], [82943.25, 0.05961], [82943.2, 0.0483], [82943.05, 7e-05], [82943.04, 0.79602], [82942.79, 7e-05], [82941.9, 0.00013], [82941.84, 7e-05], [82941.79, 0.00013], [82941.69, 0.00024], [82941.34, 0.00094], [82941.09, 0.00419], [82940.0, 0.00228], [82939.75, 0.14659], [82939.63, 0.00013], [82939.11, 0.0009], [82939.02, 0.054], [82939.01, 0.0468], [82938.92, 0.0396], [82938.66, 7e-05], [82938.57, 0.00013], [82937.53, 7e-05]], "asks": [[82953.33, 3.10471], [82953.34, 0.00056], [82953.35, 0.00208], [82953.37, 0.00057], [82953.48, 7e-05], [82953.75, 7e-05], [82953.76, 7e-05], [82953.77, 0.00029], [82953.99, 7e-05], [82954.0, 0.07077], [82955.84, 7e-05], [82955.85, 0.14542], [82955.99, 7e-05], [82956.0, 0.11907], [82958.0, 0.07077], [82959.09, 7e-05], [82959.17, 0.01201], [82960.0, 0.00014], [82960.01, 0.36685], [82960.02, 0.54], [82961.63, 0.543], [82962.0, 0.0707], [82962.04, 0.03241], [82962.4, 0.0483], [82962.6, 0.1206], [82963.42, 0.14683], [82963.43, 0.1206], [82963.44, 0.09138], [82963.45, 0.00502], [82963.47, 7e-05], [82964.0, 0.0707], [82964.12, 0.00013], [82964.44, 0.0001], [82965.09, 0.1206], [82966.0, 0.0707], [82966.32, 0.016], [82966.8, 0.00013], [82967.09, 7e-05], [82967.15, 0.036], [82967.23, 0.00202], [82967.31, 0.036], [82967.57, 7e-05], [82967.68, 0.11713], [82968.0, 0.0707], [82968.26, 0.00013], [82968.8, 0.0483], [82969.48, 0.60029], [82969.49, 0.36217], [82969.83, 0.18703], [82969.92, 0.0006]]}
{"ts": 1743776080.0, "bids": [[82953.32, 0.46721], [82953.31, 0.00258], [82953.3, 0.00014], [82953.29, 7e-05], [82953.13, 7e-05], [82952.54, 7e-05], [82952.33, 0.00045], [82952.21, 7e-05], [82952.03, 7e-05], [82952.02, 7e-05], [82952.01, 0.02278], [82952.0, 0.07077], [82951.96, 8e-05], [82951.05, 7e-05], [82950.89, 0.00018], [82950.88, 7e-05], [82950.44, 0.00202], [82950.03, 7e-05], [82950.02, 0.09455], [82950.01, 7e-05], [82950.0, 0.07077], [82949.97, 0.003], [82949.04, 0.05971], [82948.09, 0.03168], [82948.0, 0.0707], [82947.48, 0.01209], [82946.92, 7e-05], [82946.16, 7e-05], [82945.03, 0.21347], [82945.01, 0.00012], [82944.9, 0.02413], [82944.25, 0.00027], [82944.24, 0.0403], [82944.11, 0.00057], [82944.1, 0.0045], [82944.0, 0.002], [82943.98, 0.00013], [82943.21, 0.00603], [82943.2, 0.0483], [82942.97, 0.79602], [82942.79, 7e-05], [82941.91, 0.00922], [82941.9, 0.00013], [82941.84, 7e-05], [82941.79, 0.00013], [82941.69, 0.00034], [82941.45, 0.00602], [82941.32, 0.22299], [82941.31, 0.60029], [82940.63, 0.00092]], "asks": [[82953.33, 2.66533], [82953.34, 0.00056], [82953.35, 0.00208], [82953.36, 7e-05], [82953.37, 0.00057], [82953.48, 7e-05], [82953.6, 7e-05], [82953.61, 7e-05], [82953.72, 7e-05], [82953.73, 0.37578], [82953.74, 0.79592], [82953.77, 0.00022], [82954.19, 7e-05], [82956.0, 0.119], [82958.0, 0.07077], [82958.86, 0.31528], [82959.09, 7e-05], [82959.17, 0.01201], [82960.0, 0.00014], [82961.63, 0.543], [82962.0, 0.0707], [82962.4, 0.0483], [82962.6, 0.1206], [82963.42, 0.14683], [82963.43, 0.1206], [82963.44, 0.09138], [82963.45, 0.00406], [82963.47, 7e-05], [82964.0, 0.0707], [82964.12, 0.00013], [82964.44, 0.0001], [82964.96, 0.03242], [82965.09, 0.1206], [82966.0, 0.0707], [82966.13, 0.00095], [82966.32, 0.016], [82966.8, 0.00013], [82967.09, 7e-05], [82967.15, 0.036], [82967.31, 0.036], [82967.45, 0.16494], [82967.57, 7e-05], [82967.68, 0.16781], [82968.0, 0.0707], [82968.26, 0.00013], [82968.8, 0.37522], [82969.92, 0.0006], [82970.0, 0.0707], [82970.48, 0.00602], [82970.49, 0.036]]}
{"ts": 1743776081.0, "bids": [[82940.0, 0.08033], [82939.99, 0.00077], [82939.29, 0.00014], [82939.14, 0.00019], [82938.89, 0.00037], [82938.57, 0.0002], [82938.46, 0.00014], [82938.44, 0.00014], [82938.43, 0.01234], [82937.63, 7e-05], [82937.53, 7e-05], [82936.72, 0.003], [82936.01, 0.00016], [82936.0, 0.0727], [82935.81, 7e-05], [82935.8, 0.03202], [82935.07, 0.0003], [82934.67, 0.00032], [82934.66, 7e-05], [82934.26, 0.01209], [82933.98, 0.00025], [82933.97, 0.00018], [82933.96, 0.07039], [82933.64, 0.00013], [82933.22, 7e-05], [82932.15, 0.00013], [82932.0, 0.002], [82931.71, 0.00024], [82930.67, 0.0004], [82930.63, 0.00023], [82930.4, 0.04837], [82929.84, 0.00013], [82929.64, 0.00013], [82929.56, 7e-05], [82929.55, 0.14662], [82929.45, 0.00013], [82929.26, 0.08301], [82928.91, 7e-05], [82928.43, 0.003], [82928.14, 0.00101], [82928.0, 0.002], [82927.76, 0.00092], [82927.52, 0.0006], [82926.97, 0.00013], [82926.27, 7e-05], [82925.78, 0.26051], [82925.1, 0.00036], [82925.09, 0.0001], [82924.6, 7e-05], [82924.33, 0.00013]], "asks": [[82940.01, 3.55155], [82940.02, 0.00106], [82941.54, 0.00014], [82941.55, 0.0185], [82941.99, 0.00014], [82942.0, 0.07084], [82943.19, 0.00014], [82943.2, 0.04844], [82943.59, 0.00732], [82943.69, 8e-05], [82943.86, 0.02339], [82943.98, 7e-05], [82943.99, 0.22748], [82944.0, 0.09526], [82944.01, 0.55696], [82944.12, 0.00022], [82944.93, 0.01446], [82945.75, 0.01202], [82945.91, 0.00019], [82946.0, 0.07824], [82946.06, 0.00059], [82946.98, 0.24303], [82947.88, 0.02402], [82948.0, 0.0707], [82948.41, 0.22498], [82949.09, 0.01925], [82949.52, 0.00044], [82949.6, 0.0483], [82950.0, 0.0707], [82950.36, 0.00013], [82950.64, 0.03265], [82951.05, 7e-05], [82951.98, 0.28996], [82951.99, 0.54], [82952.0, 0.24639], [82952.01, 0.09857], [82952.26, 0.036], [82953.31, 0.00602], [82953.33, 0.00213], [82953.35, 0.00201], [82953.71, 0.00059], [82954.0, 0.0707], [82954.02, 0.18969], [82954.35, 0.00013], [82954.36, 0.00013], [82954.4, 0.45755], [82955.02, 7e-05], [82955.09, 0.06], [82955.18, 7e-05], [82955.98, 0.09671]]}
{"ts": 1743776082.0, "bids": [[82925.09, 3.34676], [82925.08, 0.00307], [82925.02, 0.00122], [82924.83, 0.02425], [82924.68, 0.00015], [82924.38, 7e-05], [82924.17, 0.07249], [82924.02, 0.00092], [82924.01, 0.09197], [82924.0, 0.121], [82923.49, 0.00201], [82923.46, 0.00012], [82923.32, 0.07235], [82923.12, 0.02411], [82923.03, 0.08], [82922.72, 7e-05], [82922.55, 0.07235], [82922.48, 0.0878], [82922.0, 0.0707], [82921.39, 0.12058], [82921.11, 0.00013], [82920.64, 0.03014], [82920.52, 0.08603], [82920.51, 0.12058], [82920.29, 0.00602], [82920.28, 7e-05], [82920.15, 0.06029], [82920.14, 0.00024], [82920.02, 0.00602], [82920.0, 0.07291], [82919.92, 0.03014], [82919.32, 0.01209], [82919.18, 0.00025], [82918.7, 0.00027], [82918.69, 0.00013], [82918.59, 0.12319], [82918.38, 0.00602], [82918.35, 0.06029], [82918.01, 7e-05], [82917.6, 0.0483], [82917.35, 7e-05], [82917.29, 0.06029], [82917.25, 0.06029], [82916.8, 0.17312], [82916.79, 0.5431], [82916.64, 0.016], [82916.56, 0.16], [82916.38, 0.00013], [82916.0, 0.002], [82915.97, 7e-05]], "asks": [[82925.1, 0.26744], [82925.11, 0.00308], [82925.12, 7e-05], [82925.2, 0.00014], [82925.26, 7e-05], [82925.98, 7e-05], [82925.99, 7e-05], [82926.0, 7e-05], [82926.02, 7e-05], [82926.99, 7e-05], [82927.0, 0.01727], [82928.51, 7e-05], [82929.99, 0.00028], [82930.86, 7e-05], [82930.87, 0.01209], [82931.99, 7e-05], [82932.0, 0.07077], [82932.01, 0.0002], [82933.41, 0.00012], [82934.0, 0.0707], [82935.22, 0.0129], [82935.46, 0.10568], [82935.47, 0.04527], [82936.0, 0.0707], [82936.73, 0.00024], [82936.8, 0.0483], [82937.03, 0.18713], [82937.48, 0.00013], [82937.52, 7e-05], [82938.0, 0.0707], [82938.34, 0.25518], [82938.43, 7e-05], [82938.66, 7e-05], [82938.79, 0.00013], [82939.1, 0.00096], [82939.39, 0.0001], [82940.0, 0.07084], [82940.67, 0.12062], [82941.07, 0.00089], [82941.29, 0.016], [82941.69, 0.0036], [82941.7, 0.54], [82941.83, 7e-05], [82942.0, 0.0707], [82942.36, 0.00013], [82942.51, 0.00414], [82942.53, 0.16593], [82942.79, 7e-05], [82942.95, 0.04527], [82943.2, 0.0483]]}
{"ts": 1743776083.0, "bids": [[82912.01, 0.00372], [82912.0, 0.00069], [82911.93, 0.00116], [82910.44, 0.00025], [82909.5, 0.0002], [82909.04, 0.00037], [82908.64, 0.00014], [82908.5, 0.00307], [82908.0, 0.002], [82907.9, 0.00201], [82906.65, 0.00014], [82906.64, 0.00013], [82905.48, 0.0004], [82905.39, 0.00025], [82905.04, 0.001], [82904.23, 0.00069], [82904.0, 0.0021], [82903.65, 0.00013], [82903.43, 0.00021], [82903.04, 7e-05], [82902.5, 0.00013], [82902.47, 0.00039], [82902.45, 7e-05], [82901.98, 0.00014], [82901.97, 0.02419], [82901.54, 0.00014], [82901.53, 0.10909], [82901.52, 0.35567], [82901.49, 7e-05], [82900.63, 0.0072], [82900.21, 0.003], [82900.19, 0.0001], [82900.16, 0.00013], [82900.03, 0.12365], [82900.0, 0.00238], [82899.94, 7e-05], [82899.82, 0.00013], [82899.42, 0.0006], [82898.73, 7e-05], [82898.52, 0.01335], [82898.5, 7e-05], [82898.48, 0.01011], [82898.2, 0.3556], [82897.71, 0.01507], [82897.41, 0.00094], [82897.36, 7e-05], [82896.99, 0.0045], [82896.07, 0.3556], [82896.06, 0.21821], [82896.0, 0.0021]], "asks": [[82912.02, 2.29342], [82912.03, 0.00056], [82912.14, 0.0007], [82912.23, 0.00187], [82912.27, 0.00014], [82912.28, 0.79646], [82912.29, 0.01132], [82912.35, 7e-05], [82912.36, 0.08787], [82912.39, 0.09453], [82912.43, 0.04], [82912.44, 0.54], [82912.45, 0.00049], [82912.46, 0.00286], [82913.66, 0.00255], [82913.99, 9e-05], [82914.0, 0.0707], [82914.01, 0.11825], [82914.38, 0.00732], [82915.29, 0.00303], [82916.0, 0.09525], [82916.01, 0.54403], [82917.23, 0.00577], [82917.35, 0.38654], [82917.37, 0.09698], [82917.38, 0.00664], [82917.6, 0.0483], [82918.0, 0.0707], [82918.6, 0.04464], [82918.72, 0.04027], [82918.77, 0.36217], [82919.27, 0.02822], [82920.0, 0.07084], [82920.1, 0.00497], [82920.27, 7e-05], [82921.61, 0.12065], [82921.74, 0.01202], [82922.0, 0.0707], [82922.14, 7e-05], [82922.29, 0.00133], [82922.33, 0.016], [82922.64, 0.60029], [82922.65, 0.35624], [82922.66, 0.0878], [82922.69, 0.0001], [82922.74, 0.00013], [82922.82, 0.03231], [82923.35, 0.036], [82924.0, 0.119], [82924.07, 0.036]]}
{"ts": 1743776084.0, "bids": [[82904.23, 1.00047], [82904.22, 0.00125], [82904.01, 0.00019], [82904.0, 0.00217], [82903.65, 0.0002], [82903.43, 7e-05], [82903.04, 0.00014], [82902.84, 0.00014], [82902.48, 0.00062], [82902.47, 0.00029], [82902.33, 0.0002], [82902.02, 7e-05], [82902.01, 0.03125], [82902.0, 0.07077], [82901.98, 0.0001], [82901.97, 0.02419], [82901.49, 7e-05], [82901.47, 8e-05], [82900.63, 0.0072], [82900.21, 0.003], [82900.04, 0.00017], [82900.01, 7e-05], [82900.0, 0.07315], [82898.73, 7e-05], [82898.55, 7e-05], [82898.54, 0.22883], [82898.53, 0.01209], [82898.52, 0.01328], [82898.48, 0.01011], [82898.4, 0.0483], [82898.2, 0.3556], [82897.71, 0.01507], [82897.41, 0.00094], [82897.36, 7e-05], [82897.26, 0.00101], [82897.0, 0.0003], [82896.08, 0.32406], [82896.07, 0.3556], [82896.0, 0.0021], [82895.93, 0.54], [82895.68, 0.00013], [82895.58, 0.26049], [82895.42, 0.003], [82894.92, 0.00013], [82894.8, 0.0009], [82894.42, 0.79656], [82894.4, 0.00047], [82894.39, 0.01507], [82894.38, 0.01011], [82894.16, 0.01328]], "asks": [[82904.24, 2.83152], [82904.25, 0.00107], [82904.79, 0.00014], [82904.8, 0.04844], [82905.05, 7e-05], [82905.39, 7e-05], [82905.42, 0.00014], [82905.43, 0.04541], [82905.47, 7e-05], [82905.48, 1.04894], [82905.49, 0.0018], [82906.0, 0.07077], [82906.29, 0.79638], [82907.81, 0.04527], [82908.0, 0.0707], [82908.01, 0.0371], [82909.29, 0.00028], [82909.94, 0.01202], [82910.0, 0.0707], [82911.2, 0.0483], [82911.65, 7e-05], [82911.99, 0.32486], [82912.0, 0.0707], [82912.02, 0.00109], [82912.43, 0.04], [82912.57, 0.16099], [82912.6, 0.00013], [82913.88, 7e-05], [82914.0, 0.0707], [82914.34, 0.0001], [82914.59, 0.00013], [82915.05, 0.24068], [82915.06, 0.16099], [82915.18, 0.00201], [82916.0, 0.09516], [82916.01, 0.54], [82917.35, 0.23015], [82917.37, 0.09698], [82917.6, 0.0483], [82918.0, 0.0707], [82918.01, 7e-05], [82918.36, 0.00013], [82918.72, 0.00017], [82918.77, 0.36217], [82919.98, 7e-05], [82920.0, 0.11611], [82920.27, 7e-05], [82920.32, 0.003], [82921.61, 0.12065], [82922.0, 0.0707]]}
{"ts": 1743776085.0, "bids": [[82904.23, 1.8478], [82904.22, 0.00125], [82904.02, 0.00014], [82904.01, 0.05341], [82904.0, 0.07287], [82903.65, 0.0002], [82903.43, 7e-05], [82903.19, 7e-05], [82903.04, 7e-05], [82902.84, 7e-05], [82902.55, 0.79641], [82902.48, 0.00062], [82902.47, 0.00029], [82902.33, 0.0002], [82902.01, 0.00014], [82902.0, 0.07077], [82901.97, 0.0242], [82901.49, 7e-05], [82900.63, 0.0072], [82900.21, 0.003], [82900.04, 0.00017], [82900.0, 0.07308], [82899.96, 0.00201], [82898.73, 7e-05], [82898.56, 7e-05], [82898.55, 0.29999], [82898.53, 0.01209], [82898.52, 0.01328], [82898.48, 0.01011], [82898.4, 0.0483], [82898.2, 0.3556], [82897.71, 0.01507], [82897.41, 0.00094], [82897.36, 7e-05], [82897.26, 0.00101], [82897.0, 0.60059], [82896.08, 0.32406], [82896.07, 0.3556], [82896.0, 0.0021], [82895.93, 0.54], [82895.68, 0.00013], [82895.58, 0.26049], [82894.92, 0.00013], [82894.8, 0.0009], [82894.48, 0.00046], [82894.42, 7e-05], [82894.39, 0.01507], [82894.38, 0.01011], [82894.16, 0.01328], [82893.77, 0.0003]], "asks": [[82904.24, 1.02588], [82904.25, 0.00107], [82904.79, 7e-05], [82904.8, 7e-05], [82905.05, 7e-05], [82905.32, 0.00014], [82905.39, 7e-05], [82905.42, 0.00014], [82905.43, 0.04534], [82905.49, 0.0018], [82905.99, 7e-05], [82906.0, 0.07077], [82907.8, 7e-05], [82907.81, 0.04534], [82907.87, 7e-05], [82907.88, 0.16051], [82908.0, 0.0707], [82908.01, 0.0371], [82908.73, 0.79635], [82908.83, 7e-05], [82908.84, 0.34909], [82909.29, 0.00028], [82909.94, 0.01202], [82910.0, 0.0707], [82911.2, 0.0483], [82911.65, 7e-05], [82912.0, 0.0707], [82912.02, 0.00109], [82912.54, 0.543], [82912.57, 0.16099], [82912.6, 0.00013], [82913.88, 7e-05], [82914.0, 0.0707], [82914.34, 0.0001], [82914.59, 0.00013], [82915.05, 0.07713], [82915.06, 0.16099], [82916.0, 0.09516], [82916.52, 0.00096], [82917.35, 0.23015], [82917.37, 0.09698], [82917.47, 0.016], [82917.6, 0.0483], [82918.0, 0.0707], [82918.01, 7e-05], [82918.3, 0.036], [82918.36, 0.00013], [82918.49, 0.036], [82918.77, 0.36217], [82919.98, 7e-05]]}
{"ts": 1743776086.0, "bids": [[82915.98, 2.55977], [82915.92, 0.79642], [82915.06, 0.0396], [82915.05, 0.00035], [82915.04, 0.00014], [82914.58, 7e-05], [82914.57, 7e-05], [82914.52, 7e-05], [82914.0, 0.07077], [82912.99, 0.00014], [82912.91, 0.17], [82912.54, 0.91104], [82912.53, 0.54084], [82912.0, 0.0707], [82911.2, 0.0483], [82910.0, 0.0707], [82909.39, 0.00198], [82909.32, 0.00525], [82909.26, 0.0105], [82908.57, 0.19559], [82908.02, 2.59052], [82908.0, 0.19853], [82907.99, 0.00099], [82907.96, 0.00202], [82907.92, 0.00096], [82907.81, 0.04527], [82907.78, 0.00603], [82907.35, 7e-05], [82906.89, 0.01209], [82906.02, 0.00026], [82906.0, 0.0707], [82905.63, 0.00013], [82905.43, 0.04527], [82905.31, 0.60029], [82904.8, 0.0483], [82904.79, 0.398], [82904.78, 0.398], [82904.49, 0.5035], [82904.48, 0.54], [82904.23, 0.41695], [82904.1, 0.0878], [82904.0, 0.0728], [82903.65, 0.00013], [82903.31, 0.02412], [82903.21, 0.06], [82903.04, 7e-05], [82902.97, 0.00059], [82902.64, 0.00201], [82902.18, 0.00013], [82902.15, 0.03015]], "asks": [[82915.99, 0.09964], [82916.95, 7e-05], [82917.35, 0.0002], [82918.17, 7e-05], [82918.18, 7e-05], [82918.36, 7e-05], [82919.99, 0.00014], [82920.0, 0.07098], [82920.27, 7e-05], [82920.32, 0.003], [82920.45, 0.00092], [82921.6, 7e-05], [82921.61, 0.12072], [82921.99, 7e-05], [82922.0, 0.07077], [82922.74, 0.00013], [82923.05, 7e-05], [82923.06, 0.37869], [82923.07, 0.14466], [82924.0, 0.0707], [82924.29, 0.54], [82924.59, 7e-05], [82925.04, 0.00013], [82925.08, 0.7962], [82925.29, 0.00013], [82925.76, 7e-05], [82925.99, 0.08774], [82926.0, 0.0707], [82926.27, 0.01607], [82926.5, 0.13291], [82926.66, 7e-05], [82927.24, 0.036], [82927.73, 0.00013], [82929.84, 0.35041], [82929.85, 0.32692], [82930.03, 0.00095], [82930.4, 0.04837], [82930.43, 0.036], [82930.5, 0.00013], [82930.88, 0.00417], [82931.04, 0.0001], [82931.23, 0.036], [82931.26, 0.036], [82932.04, 7e-05], [82932.57, 0.0006], [82932.64, 0.00013], [82932.71, 0.00016], [82933.4, 0.54], [82933.41, 0.00012], [82934.47, 0.00354]]}
{"ts": 1743776087.0, "bids": [[82915.98, 1.75823], [82915.97, 0.00105], [82915.94, 0.00209], [82915.93, 7e-05], [82915.92, 7e-05], [82915.9, 0.0012], [82915.41, 7e-05], [82915.38, 0.00015], [82914.02, 7e-05], [82914.01, 0.02141], [82914.0, 0.07077], [82913.42, 0.79638], [82912.99, 0.00014], [82912.01, 7e-05], [82912.0, 0.07077], [82911.21, 7e-05], [82911.2, 0.0483], [82910.33, 0.01209], [82910.0, 0.0707], [82909.75, 7e-05], [82908.03, 0.0873], [82908.0, 0.07246], [82907.81, 0.04527], [82907.69, 7e-05], [82907.68, 0.543], [82907.35, 7e-05], [82907.0, 0.0045], [82906.02, 0.00026], [82906.0, 0.0707], [82905.63, 0.00013], [82905.62, 7e-05], [82905.43, 0.04527], [82904.8, 0.0483], [82904.49, 0.24145], [82904.36, 0.00096], [82904.23, 0.01895], [82904.0, 0.0728], [82903.93, 0.016], [82903.65, 0.00013], [82903.04, 7e-05], [82902.18, 0.00013], [82902.0, 0.0707], [82901.97, 0.0242], [82901.93, 0.0468], [82901.88, 0.054], [82901.83, 0.0396], [82901.49, 7e-05], [82901.44, 0.36217], [82900.63, 0.0072], [82900.21, 0.003]], "asks": [[82915.99, 1.15408], [82916.0, 0.07183], [82916.89, 0.00209], [82916.91, 0.00014], [82917.34, 0.00035], [82917.35, 7e-05], [82917.56, 7e-05], [82917.57, 0.34871], [82917.74, 7e-05], [82918.0, 0.07077], [82919.98, 7e-05], [82919.99, 7e-05], [82920.0, 0.07091], [82920.27, 7e-05], [82920.41, 7e-05], [82920.42, 0.17498], [82920.89, 0.79624], [82921.24, 7e-05], [82921.25, 0.17498], [82921.61, 0.12065], [82921.64, 0.01202], [82921.96, 0.17049], [82921.99, 0.25499], [82922.0, 0.0707], [82922.04, 0.00059], [82922.14, 7e-05], [82922.74, 0.00013], [82923.07, 0.14466], [82924.0, 0.119], [82924.29, 0.54], [82924.59, 7e-05], [82925.04, 0.00013], [82925.29, 0.00013], [82925.76, 7e-05], [82925.99, 0.08774], [82926.0, 0.0707], [82926.27, 0.01607], [82926.5, 0.13291], [82926.66, 7e-05], [82926.96, 0.0318], [82927.24, 0.036], [82927.73, 0.00013], [82929.84, 0.35041], [82929.85, 0.32692], [82930.4, 0.04837], [82930.43, 0.036], [82930.5, 0.00013], [82930.88, 0.00417], [82930.96, 0.036], [82931.04, 0.0001]]}
{"ts": 1743776088.0, "bids": [[82908.01, 3.659], [82908.0, 0.07182], [82907.97, 0.00208], [82907.93, 0.00112], [82907.82, 7e-05], [82907.81, 0.04541], [82907.69, 0.00016], [82907.68, 7e-05], [82907.61, 0.02419], [82907.28, 8e-05], [82906.98, 7e-05], [82906.01, 0.1454], [82906.0, 0.0707], [82905.68, 0.00603], [82905.43, 0.04527], [82905.12, 0.02412], [82905.0, 0.1206], [82904.84, 0.0603], [82904.8, 0.0483], [82904.59, 0.03015], [82904.01, 0.14914], [82904.0, 0.0728], [82903.79, 0.02], [82903.65, 0.00013], [82902.39, 0.01812], [82902.0, 0.0707], [82901.97, 0.0242], [82901.96, 0.0603], [82901.68, 0.1206], [82901.56, 0.0603], [82901.49, 7e-05], [82901.43, 0.03015], [82900.79, 0.04], [82900.63, 0.0072], [82900.21, 0.003], [82900.16, 0.00013], [82900.01, 0.38506], [82900.0, 0.07308], [82899.94, 0.0396], [82899.71, 0.54], [82899.4, 0.0006], [82898.73, 7e-05], [82898.58, 0.00015], [82898.53, 0.00015], [82898.52, 0.01328], [82898.48, 0.01011], [82898.45, 0.00059], [82898.4, 0.0483], [82898.16, 0.0603], [82898.05, 0.0603]], "asks": [[82908.02, 0.01023], [82908.03, 0.00107], [82908.04, 7e-05], [82908.63, 0.00014], [82909.48, 7e-05], [82909.62, 7e-05], [82909.71, 7e-05], [82910.29, 0.00014], [82911.53, 0.00202], [82911.94, 7e-05], [82913.64, 7e-05], [82913.65, 0.01209], [82913.99, 0.00015], [82914.0, 0.07077], [82915.42, 0.00281], [82915.43, 0.00022], [82915.99, 0.01614], [82916.0, 0.07077], [82917.59, 0.00016], [82917.6, 0.04837], [82917.98, 7e-05], [82917.99, 0.14775], [82918.0, 0.0707], [82918.06, 0.003], [82920.0, 0.07084], [82920.11, 0.00013], [82920.27, 0.00102], [82920.42, 0.17498], [82920.82, 0.17144], [82921.25, 0.17498], [82921.61, 0.12065], [82921.69, 0.00091], [82921.99, 0.25499], [82922.0, 0.0707], [82922.03, 8e-05], [82922.14, 7e-05], [82922.69, 0.0001], [82922.74, 0.00013], [82923.06, 0.79622], [82924.0, 0.119], [82924.29, 0.54], [82924.59, 7e-05], [82925.04, 0.00013], [82925.29, 0.00013], [82925.76, 7e-05], [82925.99, 0.08774], [82926.0, 0.0707], [82926.09, 0.0743], [82926.27, 7e-05], [82926.5, 0.13291]]}
{"ts": 1743776089.0, "bids": [[82922.63, 0.54735], [82922.62, 0.00106], [82922.59, 0.00209], [82922.56, 0.00153], [82922.02, 7e-05], [82922.01, 0.00014], [82922.0, 0.07084], [82921.99, 7e-05], [82921.27, 0.00201], [82921.07, 7e-05], [82920.41, 0.00427], [82920.24, 7e-05], [82920.01, 7e-05], [82920.0, 0.07091], [82918.82, 0.00018], [82918.01, 0.00014], [82918.0, 0.07077], [82917.6, 0.04837], [82917.02, 0.01209], [82916.03, 7e-05], [82916.02, 0.27429], [82916.0, 0.0707], [82915.98, 0.0009], [82915.97, 7e-05], [82914.0, 0.0707], [82913.88, 7e-05], [82912.6, 0.00013], [82912.28, 0.00013], [82911.66, 7e-05], [82911.58, 0.07176], [82911.2, 0.0483], [82910.57, 0.02], [82910.41, 0.0045], [82910.17, 0.04], [82910.06, 0.00013], [82910.0, 0.0707], [82909.98, 0.00096], [82909.75, 7e-05], [82909.37, 0.08], [82909.31, 7e-05], [82908.63, 0.44447], [82908.49, 0.0001], [82908.03, 0.60029], [82908.0, 0.0707], [82907.81, 0.04527], [82907.35, 7e-05], [82906.04, 0.04527], [82906.03, 0.054], [82906.0, 0.0707], [82905.68, 0.00603]], "asks": [[82922.64, 2.40351], [82922.65, 0.00118], [82922.71, 7e-05], [82922.74, 0.00015], [82923.81, 0.00037], [82923.98, 0.00014], [82923.99, 0.02236], [82924.0, 0.11914], [82924.59, 7e-05], [82925.24, 7e-05], [82925.25, 0.79627], [82925.99, 0.04739], [82926.0, 0.0707], [82926.09, 0.0743], [82926.66, 7e-05], [82927.73, 0.00013], [82928.0, 0.0707], [82928.25, 0.01202], [82929.41, 0.0001], [82930.4, 0.04837], [82930.5, 0.00013], [82930.87, 0.00015], [82930.91, 0.00026], [82930.93, 0.21134], [82930.94, 0.54], [82931.04, 0.0001], [82932.57, 0.0006], [82932.64, 0.00013], [82932.79, 0.00097], [82933.16, 0.00023], [82933.17, 0.03272], [82933.41, 0.00012], [82934.53, 7e-05], [82935.15, 0.00091], [82935.22, 0.0129], [82935.27, 0.036], [82935.46, 0.00013], [82936.39, 0.44119], [82936.4, 0.90542], [82936.73, 0.00024], [82936.8, 0.0483], [82937.0, 0.46205], [82937.4, 0.04527], [82937.48, 0.00013], [82937.52, 7e-05], [82937.67, 0.0003], [82938.02, 0.036], [82938.4, 0.036], [82938.43, 7e-05], [82938.66, 7e-05]]}
{"ts": 1743776090.0, "bids": [[82939.01, 0.45118], [82939.0, 0.0005], [82937.63, 7e-05], [82936.8, 7e-05], [82936.01, 7e-05], [82936.0, 0.0707], [82934.01, 7e-05], [82934.0, 0.07077], [82933.39, 0.01212], [82932.01, 7e-05], [82932.0, 0.0707], [82931.96, 0.32564], [82930.77, 0.0045], [82930.4, 0.04837], [82930.0, 0.0707], [82929.45, 0.00013], [82928.91, 7e-05], [82928.72, 7e-05], [82928.66, 0.00013], [82928.01, 0.0634], [82928.0, 0.0707], [82926.91, 0.00096], [82926.27, 7e-05], [82926.08, 0.0033], [82926.0, 0.0707], [82925.86, 0.0468], [82925.69, 7e-05], [82925.22, 0.34261], [82925.21, 0.32452], [82925.09, 0.0001], [82924.6, 7e-05], [82924.52, 0.00013], [82924.49, 0.04527], [82924.14, 0.00091], [82924.0, 0.119], [82923.46, 0.14], [82922.64, 0.60029], [82922.63, 0.00549], [82922.59, 0.00202], [82922.56, 0.00146], [82922.14, 7e-05], [82922.0, 0.0707], [82921.66, 0.072], [82921.22, 0.00013], [82920.28, 7e-05], [82920.21, 0.02366], [82920.13, 0.0432], [82920.01, 0.36566], [82920.0, 0.07084], [82919.46, 0.10499]], "asks": [[82939.02, 2.12784], [82939.03, 0.00164], [82939.14, 7e-05], [82939.15, 0.26295], [82939.16, 0.79606], [82940.0, 0.07084], [82940.87, 0.003], [82940.93, 7e-05], [82942.0, 0.0707], [82943.2, 0.0483], [82943.36, 0.00036], [82943.51, 0.08815], [82943.52, 0.00438], [82943.56, 0.00019], [82943.6, 0.17013], [82944.0, 0.0727], [82944.64, 0.01198], [82944.71, 0.00032], [82944.75, 7e-05], [82945.07, 0.00059], [82945.56, 9e-05], [82945.57, 0.01696], [82946.16, 0.00013], [82946.49, 0.00094], [82946.91, 0.00013], [82946.92, 7e-05], [82947.37, 0.00092], [82947.74, 0.0001], [82948.0, 0.002], [82949.59, 0.01449], [82949.6, 0.0483], [82950.36, 0.00013], [82951.05, 7e-05], [82951.5, 0.13291], [82951.92, 0.1752], [82951.99, 0.54], [82952.0, 0.002], [82952.06, 0.03235], [82953.83, 0.00013], [82954.35, 0.00013], [82954.36, 0.00013], [82954.38, 0.27687], [82955.02, 7e-05], [82955.16, 0.02458], [82955.18, 7e-05], [82956.0, 0.002], [82956.09, 0.0001], [82956.97, 0.72371], [82956.98, 0.07283], [82957.01, 0.036]]}
{"ts": 1743776091.0, "bids": [[82932.0, 0.12242], [82931.99, 0.00106], [82931.83, 7e-05], [82930.72, 0.00031], [82930.71, 0.00307], [82930.4, 0.00014], [82930.18, 0.00014], [82930.02, 7e-05], [82930.01, 0.00014], [82930.0, 0.07077], [82929.03, 0.00012], [82928.01, 0.00025], [82928.0, 0.07077], [82926.91, 0.00096], [82926.4, 0.0122], [82926.27, 7e-05], [82926.01, 7e-05], [82926.0, 0.07077], [82925.23, 7e-05], [82925.22, 0.32497], [82925.09, 0.0001], [82924.6, 7e-05], [82924.52, 0.00013], [82924.14, 0.00091], [82924.09, 0.00036], [82924.0, 0.119], [82923.25, 0.0045], [82922.63, 0.0321], [82922.42, 0.003], [82922.14, 7e-05], [82922.0, 0.0707], [82921.22, 0.00013], [82920.28, 7e-05], [82920.21, 0.02353], [82920.03, 0.61019], [82920.02, 0.60029], [82920.0, 0.07084], [82919.8, 7e-05], [82919.1, 0.00421], [82918.63, 0.00013], [82918.37, 0.0468], [82918.21, 0.48861], [82918.01, 7e-05], [82918.0, 0.0707], [82917.96, 0.02], [82917.86, 0.04439], [82917.6, 0.0483], [82917.46, 0.04], [82917.26, 0.08], [82917.15, 0.19531]], "asks": [[82932.01, 3.74397], [82932.02, 0.00105], [82932.65, 7e-05], [82933.97, 0.00014], [82933.98, 0.86067], [82933.99, 0.79625], [82934.0, 0.61124], [82934.01, 0.04216], [82934.02, 0.0004], [82936.0, 0.0707], [82936.8, 0.0483], [82937.61, 0.01198], [82937.99, 0.04708], [82938.0, 0.071], [82938.06, 0.00059], [82938.66, 7e-05], [82938.98, 0.00012], [82939.02, 0.00335], [82940.0, 0.07084], [82940.87, 0.003], [82942.0, 0.0707], [82942.29, 0.00015], [82942.3, 0.25683], [82942.31, 0.54], [82942.36, 0.00013], [82942.79, 7e-05], [82942.81, 0.00202], [82943.2, 0.0483], [82943.36, 0.00036], [82943.52, 0.00438], [82943.6, 0.17013], [82943.66, 0.00096], [82944.0, 0.0727], [82944.75, 0.03607], [82944.89, 0.036], [82944.93, 0.036], [82945.06, 8e-05], [82945.48, 0.00091], [82945.57, 0.01696], [82946.16, 0.00013], [82946.92, 7e-05], [82947.31, 0.00024], [82947.37, 7e-05], [82947.4, 0.016], [82947.74, 0.0001], [82948.0, 0.002], [82949.59, 0.01449], [82949.6, 0.0483], [82950.29, 0.64452], [82950.3, 0.64556]]}
{"ts": 1743776092.0, "bids": [[82933.97, 3.53766], [82933.96, 7e-05], [82933.9, 0.00137], [82932.64, 7e-05], [82932.01, 1.6211], [82932.0, 1.45568], [82931.99, 0.00106], [82931.83, 7e-05], [82930.72, 0.00024], [82930.69, 0.08787], [82930.4, 0.04844], [82930.0, 0.0707], [82929.61, 0.02411], [82929.05, 0.06028], [82929.03, 0.00012], [82928.97, 0.00202], [82928.41, 0.01213], [82928.01, 0.07843], [82928.0, 0.0707], [82927.34, 0.00602], [82927.0, 0.12058], [82926.76, 0.06], [82926.27, 7e-05], [82926.0, 0.0707], [82925.22, 0.23132], [82925.09, 0.0001], [82924.66, 0.0878], [82924.6, 7e-05], [82924.52, 0.00013], [82924.33, 0.00885], [82924.09, 0.00036], [82924.0, 0.119], [82923.7, 0.54], [82923.62, 0.36217], [82923.25, 0.0045], [82922.63, 0.0321], [82922.42, 0.003], [82922.14, 7e-05], [82922.0, 0.0707], [82921.22, 0.00013], [82920.28, 7e-05], [82920.21, 0.02353], [82920.03, 0.61019], [82920.02, 0.60029], [82920.0, 0.07084], [82919.8, 7e-05], [82919.1, 0.00421], [82918.63, 0.00013], [82918.39, 0.1223], [82918.37, 0.0468]], "asks": [[82933.98, 0.485], [82933.99, 7e-05], [82934.0, 0.00047], [82934.01, 0.00209], [82934.02, 0.00047], [82935.99, 7e-05], [82936.55, 7e-05], [82937.52, 0.00014], [82937.68, 0.00027], [82937.99, 7e-05], [82938.0, 0.07077], [82938.98, 0.00012], [82939.54, 0.01205], [82939.99, 7e-05], [82940.0, 0.07091], [82940.87, 0.003], [82941.99, 7e-05], [82942.0, 0.07077], [82942.28, 0.54], [82942.29, 0.00015], [82942.3, 0.00012], [82942.36, 0.00013], [82942.79, 7e-05], [82943.18, 7e-05], [82943.19, 0.12686], [82943.2, 0.0483], [82943.36, 0.00036], [82943.52, 0.00438], [82943.6, 0.17013], [82943.66, 0.00096], [82944.0, 0.0727], [82944.75, 0.03607], [82945.06, 8e-05], [82945.48, 0.00091], [82945.57, 0.01696], [82946.16, 0.00013], [82946.92, 7e-05], [82947.31, 0.00024], [82947.37, 7e-05], [82947.4, 0.016], [82947.74, 0.0001], [82948.0, 0.002], [82949.59, 0.01449], [82949.6, 0.0483], [82950.29, 0.34115], [82950.36, 0.00013], [82950.6, 0.0006], [82951.05, 7e-05], [82951.5, 0.13291], [82951.59, 0.036]]}
{"ts": 1743776093.0, "bids": [[82954.37, 0.7402], [82954.36, 0.00057], [82954.35, 7e-05], [82954.34, 0.00208], [82954.3, 0.00136], [82954.2, 7e-05], [82954.14, 7e-05], [82954.13, 7e-05], [82954.01, 7e-05], [82954.0, 0.07077], [82952.04, 7e-05], [82952.03, 0.79601], [82952.0, 0.07077], [82950.02, 0.08368], [82950.0, 0.0707], [82949.6, 0.0483], [82949.4, 0.00012], [82948.83, 0.01212], [82947.79, 0.03212], [82946.08, 0.00024], [82946.0, 0.0707], [82945.57, 0.27004], [82944.56, 0.60029], [82944.02, 0.00013], [82944.0, 0.0707], [82943.2, 0.0483], [82942.79, 7e-05], [82942.65, 0.0045], [82942.64, 0.00094], [82942.29, 0.12124], [82942.0, 0.0707], [82941.9, 0.00013], [82941.84, 7e-05], [82941.69, 0.0001], [82941.05, 0.06007], [82940.95, 0.00091], [82940.88, 0.4017], [82940.87, 0.35286], [82940.86, 0.54727], [82940.11, 0.02366], [82940.0, 0.07084], [82939.88, 0.00013], [82939.44, 0.00036], [82938.97, 0.54], [82938.66, 7e-05], [82938.0, 0.0707], [82937.99, 0.00917], [82937.68, 0.0468], [82936.92, 0.59054], [82936.8, 0.0483]], "asks": [[82954.38, 2.38124], [82954.39, 0.00173], [82955.02, 7e-05], [82955.09, 7e-05], [82955.1, 7e-05], [82955.2, 0.00014], [82955.21, 0.28759], [82955.22, 0.0029], [82955.61, 0.003], [82955.84, 7e-05], [82956.0, 0.05037], [82956.09, 0.0001], [82956.92, 7e-05], [82956.93, 0.79596], [82956.98, 0.0729], [82957.27, 0.0003], [82958.0, 0.0707], [82959.01, 0.00026], [82959.06, 0.08327], [82959.09, 7e-05], [82959.93, 0.01198], [82960.0, 0.07284], [82960.33, 0.00013], [82960.42, 0.0001], [82960.71, 0.036], [82960.72, 0.00018], [82960.73, 0.072], [82962.4, 0.0483], [82962.57, 0.00013], [82962.67, 0.22007], [82962.68, 0.54], [82962.75, 0.0002], [82962.89, 0.003], [82962.94, 0.016], [82963.43, 0.13289], [82963.44, 7e-05], [82963.47, 7e-05], [82964.0, 0.002], [82964.12, 0.00013], [82964.44, 0.0001], [82964.77, 0.0002], [82964.78, 0.036], [82966.22, 0.00097], [82966.8, 0.00013], [82967.1, 0.036], [82967.41, 0.0009], [82967.51, 0.09398], [82967.52, 0.1896], [82967.57, 7e-05], [82967.7, 7e-05]]}
{"ts": 1743776094.0, "bids": [[82956.97, 1.58063], [82956.96, 0.00057], [82956.95, 7e-05], [82956.94, 7e-05], [82956.93, 7e-05], [82956.92, 7e-05], [82956.91, 0.00014], [82956.9, 0.03894], [82956.58, 8e-05], [82956.01, 7e-05], [82956.0, 0.11907], [82955.03, 0.00018], [82954.37, 0.00403], [82954.34, 0.00201], [82954.3, 0.00129], [82954.2, 7e-05], [82954.02, 7e-05], [82954.01, 0.11144], [82954.0, 0.07077], [82953.59, 7e-05], [82953.58, 0.79592], [82952.0, 0.0707], [82951.4, 0.01212], [82951.05, 7e-05], [82950.95, 0.0045], [82950.47, 7e-05], [82950.03, 0.36199], [82950.02, 0.51267], [82950.0, 0.0707], [82949.75, 0.14], [82949.6, 0.0483], [82949.4, 0.00012], [82948.87, 0.04527], [82948.67, 0.54], [82947.79, 0.03246], [82946.92, 7e-05], [82946.62, 0.00013], [82946.16, 7e-05], [82946.08, 0.00024], [82946.07, 0.003], [82946.0, 0.0707], [82945.96, 0.054], [82945.95, 0.0468], [82945.79, 0.0396], [82945.77, 0.0576], [82945.57, 0.27004], [82944.56, 0.60029], [82944.02, 0.00013], [82944.0, 0.0707], [82943.43, 0.036]], "asks": [[82956.98, 1.94105], [82956.99, 0.00106], [82958.24, 7e-05], [82958.25, 7e-05], [82958.32, 7e-05], [82958.33, 0.79602], [82959.01, 0.00033], [82959.09, 0.00014], [82959.99, 7e-05], [82960.0, 0.07291], [82960.42, 8e-05], [82960.67, 0.27857], [82960.72, 0.00018], [82961.73, 0.00048], [82961.74, 0.00033], [82961.98, 8e-05], [82961.99, 9e-05], [82962.0, 0.07077], [82962.4, 0.0483], [82962.55, 0.01198], [82962.57, 0.00013], [82962.67, 0.00024], [82962.75, 0.0002], [82962.89, 0.003], [82963.47, 7e-05], [82964.0, 0.002], [82964.12, 0.00013], [82964.44, 0.0001], [82964.77, 0.0002], [82965.27, 0.16235], [82965.28, 0.54], [82966.22, 0.00097], [82966.8, 0.00013], [82967.41, 0.0009], [82967.5, 7e-05], [82967.51, 0.01523], [82967.57, 7e-05], [82967.7, 7e-05], [82968.0, 0.002], [82968.26, 0.00013], [82968.8, 0.0483], [82970.64, 0.00013], [82971.0, 0.03189], [82971.3, 0.00013], [82971.61, 0.11971], [82971.66, 0.016], [82971.7, 7e-05], [82972.0, 0.002], [82972.27, 0.036], [82972.64, 0.036]]}
{"ts": 1743776095.0, "bids": [[82956.97, 2.39528], [82956.96, 0.00057], [82956.95, 7e-05], [82956.94, 7e-05], [82956.93, 7e-05], [82956.92, 7e-05], [82956.91, 7e-05], [82956.9, 0.00195], [82956.32, 0.79597], [82956.02, 7e-05], [82956.01, 0.03654], [82956.0, 0.11907], [82955.03, 0.00018], [82954.37, 0.00202], [82954.34, 0.00201], [82954.3, 0.00129], [82954.2, 7e-05], [82954.02, 7e-05], [82954.01, 0.04632], [82954.0, 0.0707], [82952.0, 0.0707], [82951.4, 0.01212], [82951.05, 7e-05], [82950.47, 7e-05], [82950.03, 0.25591], [82950.02, 0.51267], [82950.0, 0.0707], [82949.6, 0.0483], [82949.4, 0.00012], [82948.67, 0.54], [82947.79, 0.03246], [82946.92, 7e-05], [82946.62, 0.00013], [82946.16, 7e-05], [82946.08, 0.00024], [82946.07, 0.003], [82946.0, 0.0707], [82945.57, 0.27004], [82945.52, 0.00096], [82944.56, 0.60029], [82944.02, 0.00013], [82944.0, 0.0707], [82943.63, 0.14], [82943.2, 0.0483], [82942.81, 0.0009], [82942.79, 7e-05], [82942.29, 0.12124], [82942.0, 0.0707], [82941.9, 0.00013], [82941.89, 0.00253]], "asks": [[82956.98, 0.54385], [82956.99, 0.00106], [82957.92, 0.00014], [82957.93, 0.04014], [82957.99, 0.00014], [82958.0, 0.07084], [82958.24, 7e-05], [82958.28, 7e-05], [82958.75, 7e-05], [82958.76, 0.17496], [82959.01, 0.00026], [82959.09, 7e-05], [82959.15, 0.00201], [82960.0, 0.07291], [82960.42, 8e-05], [82960.72, 0.00018], [82961.73, 0.00048], [82961.74, 0.00033], [82961.87, 7e-05], [82961.88, 0.79584], [82961.99, 9e-05], [82962.0, 0.0707], [82962.55, 0.01198], [82962.57, 0.00013], [82962.67, 0.00024], [82962.75, 0.0002], [82962.89, 0.003], [82963.03, 0.00059], [82963.47, 7e-05], [82964.0, 0.002], [82964.12, 0.00013], [82964.44, 0.0001], [82964.77, 0.0002], [82965.27, 0.16233], [82966.22, 0.00097], [82966.8, 0.00013], [82967.41, 0.0009], [82967.5, 7e-05], [82967.51, 0.01521], [82967.57, 7e-05], [82967.7, 7e-05], [82968.0, 0.002], [82968.26, 0.00013], [82968.8, 0.0483], [82970.64, 0.00013], [82971.0, 0.0325], [82971.3, 0.00013], [82971.61, 0.13886], [82971.66, 0.016], [82971.7, 7e-05]]}
{"ts": 1743776096.0, "bids": [[82962.54, 0.84405], [82962.53, 0.00257], [82962.48, 0.0014], [82962.41, 7e-05], [82962.4, 7e-05], [82962.01, 0.00014], [82962.0, 0.07084], [82961.76, 7e-05], [82960.01, 7e-05], [82960.0, 0.07091], [82959.31, 7e-05], [82958.01, 7e-05], [82958.0, 0.07095], [82957.03, 0.01219], [82956.97, 0.00349], [82956.01, 7e-05], [82956.0, 0.119], [82955.18, 7e-05], [82954.35, 0.00013], [82954.01, 0.12995], [82954.0, 0.0707], [82952.19, 0.00013], [82952.09, 0.13288], [82952.0, 0.0707], [82951.72, 0.06], [82951.05, 7e-05], [82950.47, 7e-05], [82950.03, 0.54804], [82950.02, 0.51267], [82950.0, 0.0707], [82949.99, 0.0001], [82949.94, 0.32452], [82949.92, 0.0845], [82949.6, 0.0483], [82949.4, 0.00012], [82949.01, 0.00091], [82948.87, 0.04527], [82948.47, 0.0468], [82948.43, 0.054], [82948.24, 0.0972], [82947.79, 0.03246], [82947.32, 0.36217], [82947.22, 0.19531], [82946.92, 7e-05], [82946.67, 7e-05], [82946.62, 0.00013], [82946.16, 7e-05], [82946.08, 0.00024], [82946.07, 0.003], [82946.0, 0.0707]], "asks": [[82962.55, 2.7347], [82962.56, 0.00322], [82962.57, 0.0002], [82962.66, 0.00035], [82962.67, 0.00031], [82962.89, 7e-05], [82963.47, 0.00014], [82963.99, 0.00039], [82964.0, 0.07277], [82964.22, 7e-05], [82964.23, 0.33196], [82964.24, 0.79589], [82964.77, 0.0002], [82965.97, 0.00024], [82966.0, 0.07077], [82966.8, 0.00013], [82967.99, 9e-05], [82968.0, 0.0727], [82968.06, 0.01198], [82968.26, 0.00013], [82968.6, 0.00011], [82968.61, 0.23267], [82968.78, 0.0002], [82968.79, 0.00028], [82968.8, 0.0483], [82970.63, 0.00019], [82970.64, 0.00013], [82970.85, 0.54], [82971.3, 0.00013], [82972.0, 0.002], [82972.79, 0.0001], [82973.04, 7e-05], [82973.12, 0.04984], [82973.13, 0.1407], [82973.34, 7e-05], [82973.57, 0.0006], [82973.74, 8e-05], [82973.8, 0.00013], [82974.28, 0.02378], [82975.16, 0.0003], [82975.2, 0.0483], [82975.44, 0.00412], [82975.83, 7e-05], [82976.0, 0.00208], [82977.09, 0.57858], [82977.1, 0.90542], [82978.05, 0.00013], [82978.37, 0.90542], [82978.4, 0.00096], [82979.25, 0.00013]]}
{"ts": 1743776097.0, "bids": [[82962.54, 0.55662], [82962.53, 0.00056], [82962.52, 0.00209], [82962.48, 0.0014], [82962.41, 7e-05], [82962.4, 7e-05], [82962.36, 7e-05], [82962.02, 7e-05], [82961.65, 7e-05], [82961.55, 8e-05], [82960.01, 0.0215], [82960.0, 0.07091], [82959.31, 7e-05], [82958.01, 7e-05], [82958.0, 0.07077], [82957.49, 7e-05], [82957.48, 0.79596], [82957.03, 0.01212], [82956.97, 0.0002], [82956.01, 0.27496], [82956.0, 0.119], [82955.18, 7e-05], [82954.35, 0.00013], [82954.01, 0.0425], [82954.0, 0.0707], [82952.19, 0.00013], [82952.0, 0.0707], [82951.05, 7e-05], [82950.47, 7e-05], [82950.03, 0.40104], [82950.02, 0.51267], [82950.01, 0.00095], [82950.0, 0.0707], [82949.99, 0.0001], [82949.94, 0.32452], [82949.92, 0.0045], [82949.6, 0.0483], [82949.4, 0.00012], [82949.01, 0.00091], [82948.47, 0.0468], [82948.43, 0.054], [82948.24, 0.0972], [82947.79, 0.03246], [82947.72, 0.06], [82946.92, 7e-05], [82946.67, 7e-05], [82946.62, 0.00013], [82946.16, 7e-05], [82946.12, 0.08], [82946.08, 0.00024]], "asks": [[82962.55, 2.8302], [82962.56, 0.0012], [82962.57, 0.0002], [82962.66, 0.00035], [82962.67, 0.00031], [82962.7, 0.00066], [82962.89, 7e-05], [82963.47, 0.00014], [82963.99, 0.00032], [82964.0, 0.07277], [82964.22, 7e-05], [82964.23, 0.33196], [82964.24, 0.79589], [82964.77, 0.0002], [82965.97, 0.00024], [82966.0, 0.07077], [82966.55, 0.00201], [82966.8, 0.00013], [82967.47, 0.01446], [82967.99, 9e-05], [82968.0, 0.0727], [82968.06, 0.01198], [82968.26, 0.00013], [82968.6, 0.00011], [82968.61, 0.23326], [82968.78, 0.0002], [82968.79, 0.00028], [82968.8, 0.0483], [82970.63, 0.00019], [82970.64, 0.00013], [82970.85, 0.54], [82971.0, 0.03155], [82971.3, 0.00013], [82971.7, 7e-05], [82972.0, 0.002], [82972.79, 0.0001], [82973.04, 7e-05], [82973.12, 0.07013], [82973.13, 0.1407], [82973.34, 7e-05], [82973.38, 0.016], [82973.57, 0.0006], [82973.74, 0.00067], [82973.8, 0.00013], [82974.05, 0.00097], [82974.17, 0.00059], [82974.22, 0.036], [82974.28, 0.02378], [82974.35, 0.036], [82974.38, 0.036]]}
{"ts": 1743776098.0, "bids": [[82957.97, 0.06831], [82957.49, 0.07981], [82957.04, 0.06831], [82957.03, 3.65548], [82957.02, 0.0007], [82956.98, 0.00035], [82956.97, 0.00152], [82956.96, 7e-05], [82956.68, 7e-05], [82956.03, 7e-05], [82956.02, 7e-05], [82956.01, 0.06456], [82956.0, 0.119], [82955.57, 0.00202], [82955.44, 0.0241], [82955.18, 7e-05], [82955.02, 7e-05], [82954.4, 0.06], [82954.01, 0.15107], [82954.0, 0.0707], [82953.93, 0.00602], [82953.35, 0.06027], [82952.84, 0.12054], [82952.0, 0.0707], [82951.92, 0.03013], [82951.74, 0.12054], [82951.58, 0.01212], [82951.05, 7e-05], [82950.98, 0.03013], [82950.47, 7e-05], [82950.44, 0.06027], [82950.01, 0.39429], [82950.0, 0.0707], [82949.92, 0.0045], [82949.6, 0.0483], [82949.4, 0.00012], [82949.39, 0.02419], [82949.3, 0.06027], [82948.73, 0.54], [82948.31, 0.054], [82948.16, 0.00602], [82948.15, 0.0396], [82948.14, 0.0576], [82947.79, 0.03246], [82947.61, 0.06027], [82947.57, 0.0878], [82947.16, 0.36217], [82946.92, 7e-05], [82946.91, 0.00903], [82946.67, 0.06034]], "asks": [[82957.98, 1e-05], [82957.99, 7e-05], [82958.0, 7e-05], [82958.01, 7e-05], [82958.02, 7e-05], [82958.33, 7e-05], [82960.0, 0.00014], [82961.98, 9e-05], [82961.99, 0.00011], [82962.48, 7e-05], [82962.49, 0.01198], [82962.54, 0.00011], [82962.55, 0.00404], [82962.57, 0.00013], [82962.67, 0.00024], [82963.09, 0.00059], [82963.47, 7e-05], [82963.99, 0.0006], [82964.0, 0.002], [82965.97, 0.00024], [82965.99, 0.00038], [82966.0, 0.0707], [82966.8, 0.00013], [82967.42, 7e-05], [82967.98, 0.00012], [82967.99, 0.0002], [82968.0, 0.0727], [82968.26, 0.00013], [82969.8, 0.18366], [82970.64, 0.00013], [82971.0, 0.03142], [82971.3, 0.00013], [82971.7, 7e-05], [82972.0, 0.002], [82972.43, 0.036], [82972.79, 0.0001], [82973.04, 7e-05], [82973.12, 0.09761], [82973.13, 0.1407], [82973.34, 7e-05], [82973.38, 0.016], [82973.57, 0.0006], [82973.74, 8e-05], [82973.8, 0.00013], [82974.22, 0.036], [82974.38, 0.036], [82975.16, 0.0003], [82975.19, 0.00094], [82975.2, 0.0483], [82975.43, 0.00602]]}
{"ts": 1743776099.0, "bids": [[82981.13, 4.18414], [82981.12, 0.00057], [82980.7, 0.00014], [82980.01, 0.00014], [82980.0, 0.07112], [82979.17, 0.02393], [82979.04, 0.00021], [82978.86, 0.02424], [82978.59, 0.03012], [82977.76, 0.00885], [82977.73, 0.00208], [82976.35, 0.19467], [82976.34, 0.60036], [82976.26, 0.1205], [82976.07, 0.0878], [82975.96, 0.06025], [82975.65, 0.01212], [82975.2, 0.0483], [82974.9, 0.0045], [82973.14, 0.01268], [82972.37, 0.00634], [82972.04, 7e-05], [82972.01, 0.0297], [82972.0, 0.00016], [82971.99, 0.80124], [82971.7, 7e-05], [82970.72, 0.00013], [82970.67, 0.04992], [82970.0, 0.0707], [82969.93, 0.054], [82969.88, 0.57278], [82969.87, 0.54], [82969.78, 0.48861], [82969.71, 0.0576], [82969.56, 0.13001], [82969.55, 0.00201], [82969.51, 0.00141], [82969.21, 0.19531], [82968.8, 0.0483], [82968.41, 0.0468], [82968.25, 0.0396], [82968.0, 0.0707], [82967.81, 7e-05], [82967.73, 7e-05], [82967.57, 7e-05], [82967.45, 0.60029], [82967.39, 0.036], [82966.8, 0.58706], [82966.59, 0.0001], [82966.58, 0.00013]], "asks": [[82981.14, 0.1429], [82981.15, 0.00153], [82981.69, 0.00014], [82982.06, 7e-05], [82982.57, 0.00144], [82982.58, 0.00022], [82982.59, 7e-05], [82983.98, 0.00029], [82983.99, 0.00038], [82984.0, 0.00235], [82984.56, 0.002], [82985.61, 7e-05], [82985.62, 3.0], [82985.65, 0.00028], [82985.71, 7e-05], [82986.35, 0.00013], [82986.44, 7e-05], [82986.48, 7e-05], [82986.62, 0.01198], [82987.02, 0.00027], [82987.03, 0.01695], [82987.24, 0.00013], [82987.99, 9e-05], [82988.0, 0.00235], [82988.27, 0.00039], [82988.29, 0.00016], [82988.77, 0.00013], [82989.22, 0.00013], [82989.29, 7e-05], [82989.35, 7e-05], [82989.49, 0.0001], [82989.72, 7e-05], [82990.0, 0.00074], [82990.6, 8e-05], [82991.67, 0.00037], [82991.92, 7e-05], [82992.0, 0.00235], [82992.22, 0.00013], [82992.35, 7e-05], [82992.53, 0.00012], [82992.91, 0.0009], [82992.95, 9e-05], [82993.36, 0.79554], [82993.58, 0.0321], [82993.61, 7e-05], [82994.6, 0.0045], [82995.36, 0.00013], [82995.8, 0.016], [82996.0, 0.00235], [82996.06, 9e-05]]}